%YAML 1.1
%TAG !u! tag:unity3d.com,2011:
--- !u!29 &1
OcclusionCullingSettings:
  m_ObjectHideFlags: 0
  serializedVersion: 2
  m_OcclusionBakeSettings:
    smallestOccluder: 5
    smallestHole: 0.25
    backfaceThreshold: 100
  m_SceneGUID: 00000000000000000000000000000000
  m_OcclusionCullingData: {fileID: 0}
--- !u!104 &2
RenderSettings:
  m_ObjectHideFlags: 0
  serializedVersion: 9
  m_Fog: 0
  m_FogColor: {r: 0.5, g: 0.5, b: 0.5, a: 1}
  m_FogMode: 3
  m_FogDensity: 0.01
  m_LinearFogStart: 0
  m_LinearFogEnd: 300
  m_AmbientSkyColor: {r: 0.212, g: 0.227, b: 0.259, a: 1}
  m_AmbientEquatorColor: {r: 0.114, g: 0.125, b: 0.133, a: 1}
  m_AmbientGroundColor: {r: 0.047, g: 0.043, b: 0.035, a: 1}
  m_AmbientIntensity: 0
  m_AmbientMode: 0
  m_SubtractiveShadowColor: {r: 0.42, g: 0.478, b: 0.627, a: 1}
  m_SkyboxMaterial: {fileID: 2100000, guid: 52d44e5692d0c134f9b2ed3abd21fb73, type: 2}
  m_HaloStrength: 0.5
  m_FlareStrength: 1
  m_FlareFadeSpeed: 3
  m_HaloTexture: {fileID: 0}
  m_SpotCookie: {fileID: 10001, guid: 0000000000000000e000000000000000, type: 0}
  m_DefaultReflectionMode: 0
  m_DefaultReflectionResolution: 128
  m_ReflectionBounces: 1
  m_ReflectionIntensity: 1
  m_CustomReflection: {fileID: 0}
  m_Sun: {fileID: 0}
  m_IndirectSpecularColor: {r: 0.35409254, g: 0.38813856, b: 0.44299448, a: 1}
  m_UseRadianceAmbientProbe: 0
--- !u!157 &3
LightmapSettings:
  m_ObjectHideFlags: 0
  serializedVersion: 12
  m_GIWorkflowMode: 0
  m_GISettings:
    serializedVersion: 2
    m_BounceScale: 1
    m_IndirectOutputScale: 1
    m_AlbedoBoost: 1
    m_EnvironmentLightingMode: 0
    m_EnableBakedLightmaps: 1
    m_EnableRealtimeLightmaps: 1
  m_LightmapEditorSettings:
    serializedVersion: 12
    m_Resolution: 2
    m_BakeResolution: 40
    m_AtlasSize: 1024
    m_AO: 0
    m_AOMaxDistance: 1
    m_CompAOExponent: 1
    m_CompAOExponentDirect: 0
    m_ExtractAmbientOcclusion: 0
    m_Padding: 2
    m_LightmapParameters: {fileID: 0}
    m_LightmapsBakeMode: 1
    m_TextureCompression: 1
    m_FinalGather: 0
    m_FinalGatherFiltering: 1
    m_FinalGatherRayCount: 256
    m_ReflectionCompression: 2
    m_MixedBakeMode: 2
    m_BakeBackend: 0
    m_PVRSampling: 1
    m_PVRDirectSampleCount: 32
    m_PVRSampleCount: 500
    m_PVRBounces: 2
    m_PVREnvironmentSampleCount: 500
    m_PVREnvironmentReferencePointCount: 2048
    m_PVRFilteringMode: 2
    m_PVRDenoiserTypeDirect: 0
    m_PVRDenoiserTypeIndirect: 0
    m_PVRDenoiserTypeAO: 0
    m_PVRFilterTypeDirect: 0
    m_PVRFilterTypeIndirect: 0
    m_PVRFilterTypeAO: 0
    m_PVREnvironmentMIS: 0
    m_PVRCulling: 1
    m_PVRFilteringGaussRadiusDirect: 1
    m_PVRFilteringGaussRadiusIndirect: 5
    m_PVRFilteringGaussRadiusAO: 2
    m_PVRFilteringAtrousPositionSigmaDirect: 0.5
    m_PVRFilteringAtrousPositionSigmaIndirect: 2
    m_PVRFilteringAtrousPositionSigmaAO: 1
    m_ExportTrainingData: 0
    m_TrainingDataDestination: TrainingData
    m_LightProbeSampleCountMultiplier: 4
  m_LightingDataAsset: {fileID: 0}
  m_LightingSettings: {fileID: 4890085278179872738, guid: a73bd5c3473ef41d2aba14048a63110d, type: 2}
--- !u!196 &4
NavMeshSettings:
  serializedVersion: 2
  m_ObjectHideFlags: 0
  m_BuildSettings:
    serializedVersion: 2
    agentTypeID: 0
    agentRadius: 0.5
    agentHeight: 2
    agentSlope: 45
    agentClimb: 0.4
    ledgeDropHeight: 0
    maxJumpAcrossDistance: 0
    minRegionArea: 2
    manualCellSize: 0
    cellSize: 0.16666667
    manualTileSize: 0
    tileSize: 256
    accuratePlacement: 0
    maxJobWorkers: 0
    preserveTilesOutsideBounds: 0
    debug:
      m_Flags: 0
  m_NavMeshData: {fileID: 0}
--- !u!4 &99800722 stripped
Transform:
  m_CorrespondingSourceObject: {fileID: 6363809596478547550, guid: 23041ff506eb64b14b078b9cda8d146d, type: 3}
  m_PrefabInstance: {fileID: 6363809596567564492}
  m_PrefabAsset: {fileID: 0}
--- !u!1 &116047284
GameObject:
  m_ObjectHideFlags: 0
  m_CorrespondingSourceObject: {fileID: 0}
  m_PrefabInstance: {fileID: 0}
  m_PrefabAsset: {fileID: 0}
  serializedVersion: 6
  m_Component:
  - component: {fileID: 116047286}
  - component: {fileID: 116047285}
  m_Layer: 0
  m_Name: Directional Light
  m_TagString: Untagged
  m_Icon: {fileID: 0}
  m_NavMeshLayer: 0
  m_StaticEditorFlags: 0
  m_IsActive: 1
--- !u!108 &116047285
Light:
  m_ObjectHideFlags: 0
  m_CorrespondingSourceObject: {fileID: 0}
  m_PrefabInstance: {fileID: 0}
  m_PrefabAsset: {fileID: 0}
  m_GameObject: {fileID: 116047284}
  m_Enabled: 1
  serializedVersion: 10
  m_Type: 1
  m_Shape: 0
  m_Color: {r: 1, g: 0.95686275, b: 0.8392157, a: 1}
  m_Intensity: 1
  m_Range: 10
  m_SpotAngle: 30
  m_InnerSpotAngle: 21.802082
  m_CookieSize: 10
  m_Shadows:
    m_Type: 2
    m_Resolution: -1
    m_CustomResolution: -1
    m_Strength: 1
    m_Bias: 0.05
    m_NormalBias: 0.4
    m_NearPlane: 0.2
    m_CullingMatrixOverride:
      e00: 1
      e01: 0
      e02: 0
      e03: 0
      e10: 0
      e11: 1
      e12: 0
      e13: 0
      e20: 0
      e21: 0
      e22: 1
      e23: 0
      e30: 0
      e31: 0
      e32: 0
      e33: 1
    m_UseCullingMatrixOverride: 0
  m_Cookie: {fileID: 0}
  m_DrawHalo: 0
  m_Flare: {fileID: 0}
  m_RenderMode: 0
  m_CullingMask:
    serializedVersion: 2
    m_Bits: 4294967295
  m_RenderingLayerMask: 1
  m_Lightmapping: 4
  m_LightShadowCasterMode: 0
  m_AreaSize: {x: 1, y: 1}
  m_BounceIntensity: 1
  m_ColorTemperature: 6570
  m_UseColorTemperature: 0
  m_BoundingSphereOverride: {x: 0, y: 0, z: 0, w: 0}
  m_UseBoundingSphereOverride: 0
  m_UseViewFrustumForShadowCasterCull: 1
  m_ShadowRadius: 0
  m_ShadowAngle: 0
--- !u!4 &116047286
Transform:
  m_ObjectHideFlags: 0
  m_CorrespondingSourceObject: {fileID: 0}
  m_PrefabInstance: {fileID: 0}
  m_PrefabAsset: {fileID: 0}
  m_GameObject: {fileID: 116047284}
  m_LocalRotation: {x: 0.40821788, y: -0.23456968, z: 0.10938163, w: 0.8754261}
  m_LocalPosition: {x: 0, y: 3, z: 0}
  m_LocalScale: {x: 1, y: 1, z: 1}
  m_Children: []
  m_Father: {fileID: 0}
  m_RootOrder: 0
  m_LocalEulerAnglesHint: {x: 50, y: -30, z: 0}
--- !u!1 &193313783
GameObject:
  m_ObjectHideFlags: 0
  m_CorrespondingSourceObject: {fileID: 0}
  m_PrefabInstance: {fileID: 0}
  m_PrefabAsset: {fileID: 0}
  serializedVersion: 6
  m_Component:
  - component: {fileID: 193313784}
  - component: {fileID: 193313787}
  - component: {fileID: 193313786}
  - component: {fileID: 193313785}
  m_Layer: 0
  m_Name: FallZone
  m_TagString: StopAttraction
  m_Icon: {fileID: 0}
  m_NavMeshLayer: 0
  m_StaticEditorFlags: 0
  m_IsActive: 1
--- !u!4 &193313784
Transform:
  m_ObjectHideFlags: 0
  m_CorrespondingSourceObject: {fileID: 0}
  m_PrefabInstance: {fileID: 0}
  m_PrefabAsset: {fileID: 0}
  m_GameObject: {fileID: 193313783}
  m_LocalRotation: {x: -0, y: -0, z: -0, w: 1}
  m_LocalPosition: {x: 0, y: -0.075, z: 0}
  m_LocalScale: {x: 2, y: 2.33, z: 2}
  m_Children: []
  m_Father: {fileID: 1642662768}
  m_RootOrder: 1
  m_LocalEulerAnglesHint: {x: 0, y: 0, z: 0}
--- !u!64 &193313785
MeshCollider:
  m_ObjectHideFlags: 0
  m_CorrespondingSourceObject: {fileID: 0}
  m_PrefabInstance: {fileID: 0}
  m_PrefabAsset: {fileID: 0}
  m_GameObject: {fileID: 193313783}
  m_Material: {fileID: 0}
  m_IsTrigger: 1
  m_Enabled: 1
  serializedVersion: 4
  m_Convex: 1
  m_CookingOptions: 30
  m_Mesh: {fileID: 10206, guid: 0000000000000000e000000000000000, type: 0}
--- !u!23 &193313786
MeshRenderer:
  m_ObjectHideFlags: 0
  m_CorrespondingSourceObject: {fileID: 0}
  m_PrefabInstance: {fileID: 0}
  m_PrefabAsset: {fileID: 0}
  m_GameObject: {fileID: 193313783}
  m_Enabled: 0
  m_CastShadows: 1
  m_ReceiveShadows: 1
  m_DynamicOccludee: 1
  m_StaticShadowCaster: 0
  m_MotionVectors: 1
  m_LightProbeUsage: 1
  m_ReflectionProbeUsage: 1
  m_RayTracingMode: 2
  m_RayTraceProcedural: 0
  m_RenderingLayerMask: 1
  m_RendererPriority: 0
  m_Materials:
  - {fileID: 2100000, guid: d0dde4c7a4c684c0fbee711415dd3aa3, type: 2}
  m_StaticBatchInfo:
    firstSubMesh: 0
    subMeshCount: 0
  m_StaticBatchRoot: {fileID: 0}
  m_ProbeAnchor: {fileID: 0}
  m_LightProbeVolumeOverride: {fileID: 0}
  m_ScaleInLightmap: 1
  m_ReceiveGI: 1
  m_PreserveUVs: 0
  m_IgnoreNormalsForChartDetection: 0
  m_ImportantGI: 0
  m_StitchLightmapSeams: 1
  m_SelectedEditorRenderState: 3
  m_MinimumChartSize: 4
  m_AutoUVMaxDistance: 0.5
  m_AutoUVMaxAngle: 89
  m_LightmapParameters: {fileID: 0}
  m_SortingLayerID: 0
  m_SortingLayer: 0
  m_SortingOrder: 0
  m_AdditionalVertexStreams: {fileID: 0}
--- !u!33 &193313787
MeshFilter:
  m_ObjectHideFlags: 0
  m_CorrespondingSourceObject: {fileID: 0}
  m_PrefabInstance: {fileID: 0}
  m_PrefabAsset: {fileID: 0}
  m_GameObject: {fileID: 193313783}
  m_Mesh: {fileID: 10206, guid: 0000000000000000e000000000000000, type: 0}
--- !u!1 &198737098
GameObject:
  m_ObjectHideFlags: 0
  m_CorrespondingSourceObject: {fileID: 0}
  m_PrefabInstance: {fileID: 0}
  m_PrefabAsset: {fileID: 0}
  serializedVersion: 6
  m_Component:
  - component: {fileID: 198737099}
  - component: {fileID: 198737101}
  - component: {fileID: 198737100}
  m_Layer: 5
  m_Name: ContentRight
  m_TagString: Untagged
  m_Icon: {fileID: 0}
  m_NavMeshLayer: 0
  m_StaticEditorFlags: 0
  m_IsActive: 1
--- !u!224 &198737099
RectTransform:
  m_ObjectHideFlags: 0
  m_CorrespondingSourceObject: {fileID: 0}
  m_PrefabInstance: {fileID: 0}
  m_PrefabAsset: {fileID: 0}
  m_GameObject: {fileID: 198737098}
  m_LocalRotation: {x: -0, y: -0, z: -0, w: 1}
  m_LocalPosition: {x: 0, y: 0, z: 0}
  m_LocalScale: {x: 1, y: 1, z: 1}
  m_Children: []
  m_Father: {fileID: 2080585536}
  m_RootOrder: 2
  m_LocalEulerAnglesHint: {x: 0, y: 0, z: 0}
  m_AnchorMin: {x: 0.5, y: 0.5}
  m_AnchorMax: {x: 0.5, y: 0.5}
  m_AnchoredPosition: {x: 550, y: 0}
  m_SizeDelta: {x: 16, y: 16}
  m_Pivot: {x: 0.5, y: 0.5}
--- !u!114 &198737100
MonoBehaviour:
  m_ObjectHideFlags: 0
  m_CorrespondingSourceObject: {fileID: 0}
  m_PrefabInstance: {fileID: 0}
  m_PrefabAsset: {fileID: 0}
  m_GameObject: {fileID: 198737098}
  m_Enabled: 1
  m_EditorHideFlags: 0
  m_Script: {fileID: 11500000, guid: fe87c0e1cc204ed48ad3b37840f39efc, type: 3}
  m_Name: 
  m_EditorClassIdentifier: 
  m_Material: {fileID: 10754, guid: 0000000000000000f000000000000000, type: 0}
  m_Color: {r: 1, g: 1, b: 1, a: 1}
  m_RaycastTarget: 1
  m_RaycastPadding: {x: 0, y: 0, z: 0, w: 0}
  m_Maskable: 1
  m_OnCullStateChanged:
    m_PersistentCalls:
      m_Calls: []
  m_Sprite: {fileID: 21300000, guid: fd7cf88ee9b05f94f84bd7686a9669a6, type: 3}
  m_Type: 1
  m_PreserveAspect: 0
  m_FillCenter: 1
  m_FillMethod: 4
  m_FillAmount: 1
  m_FillClockwise: 1
  m_FillOrigin: 0
  m_UseSpriteMesh: 0
  m_PixelsPerUnitMultiplier: 1
--- !u!222 &198737101
CanvasRenderer:
  m_ObjectHideFlags: 0
  m_CorrespondingSourceObject: {fileID: 0}
  m_PrefabInstance: {fileID: 0}
  m_PrefabAsset: {fileID: 0}
  m_GameObject: {fileID: 198737098}
  m_CullTransparentMesh: 0
--- !u!1 &228867762
GameObject:
  m_ObjectHideFlags: 0
  m_CorrespondingSourceObject: {fileID: 0}
  m_PrefabInstance: {fileID: 0}
  m_PrefabAsset: {fileID: 0}
  serializedVersion: 6
  m_Component:
  - component: {fileID: 228867763}
  m_Layer: 0
  m_Name: StaticMenuLocation
  m_TagString: Untagged
  m_Icon: {fileID: 0}
  m_NavMeshLayer: 0
  m_StaticEditorFlags: 0
  m_IsActive: 1
--- !u!4 &228867763
Transform:
  m_ObjectHideFlags: 0
  m_CorrespondingSourceObject: {fileID: 0}
  m_PrefabInstance: {fileID: 0}
  m_PrefabAsset: {fileID: 0}
  m_GameObject: {fileID: 228867762}
  m_LocalRotation: {x: -0, y: -0, z: -0, w: 1}
  m_LocalPosition: {x: 0, y: 0, z: 0}
  m_LocalScale: {x: 476.19046, y: 476.19046, z: 476.19046}
  m_Children: []
  m_Father: {fileID: 2080585536}
  m_RootOrder: 1
  m_LocalEulerAnglesHint: {x: 0, y: 0, z: 0}
--- !u!1 &365926100
GameObject:
  m_ObjectHideFlags: 0
  m_CorrespondingSourceObject: {fileID: 0}
  m_PrefabInstance: {fileID: 0}
  m_PrefabAsset: {fileID: 0}
  serializedVersion: 6
  m_Component:
  - component: {fileID: 365926101}
  m_Layer: 0
  m_Name: Throwables
  m_TagString: Untagged
  m_Icon: {fileID: 0}
  m_NavMeshLayer: 0
  m_StaticEditorFlags: 0
  m_IsActive: 1
--- !u!4 &365926101
Transform:
  m_ObjectHideFlags: 0
  m_CorrespondingSourceObject: {fileID: 0}
  m_PrefabInstance: {fileID: 0}
  m_PrefabAsset: {fileID: 0}
  m_GameObject: {fileID: 365926100}
  m_LocalRotation: {x: 0, y: 0, z: 0, w: 1}
  m_LocalPosition: {x: 0, y: 0, z: 0}
  m_LocalScale: {x: 1, y: 1, z: 1}
  m_Children:
  - {fileID: 1260355278}
  - {fileID: 2031070256}
  - {fileID: 1319699304}
  - {fileID: 1429455531}
  - {fileID: 1774176824}
  m_Father: {fileID: 1642662768}
  m_RootOrder: 0
  m_LocalEulerAnglesHint: {x: 0, y: 0, z: 0}
--- !u!1001 &388879197
PrefabInstance:
  m_ObjectHideFlags: 0
  serializedVersion: 2
  m_Modification:
    m_TransformParent: {fileID: 1642662768}
    m_Modifications:
    - target: {fileID: 934372683058554451, guid: 6482072af921e49f790ab65acb37161d, type: 3}
      propertyPath: m_RootOrder
      value: 3
      objectReference: {fileID: 0}
    - target: {fileID: 934372683058554451, guid: 6482072af921e49f790ab65acb37161d, type: 3}
      propertyPath: m_LocalPosition.x
      value: -8.9
      objectReference: {fileID: 0}
    - target: {fileID: 934372683058554451, guid: 6482072af921e49f790ab65acb37161d, type: 3}
      propertyPath: m_LocalPosition.y
      value: 58.5
      objectReference: {fileID: 0}
    - target: {fileID: 934372683058554451, guid: 6482072af921e49f790ab65acb37161d, type: 3}
      propertyPath: m_LocalPosition.z
      value: -23
      objectReference: {fileID: 0}
    - target: {fileID: 934372683058554451, guid: 6482072af921e49f790ab65acb37161d, type: 3}
      propertyPath: m_LocalRotation.w
      value: -0.37077028
      objectReference: {fileID: 0}
    - target: {fileID: 934372683058554451, guid: 6482072af921e49f790ab65acb37161d, type: 3}
      propertyPath: m_LocalRotation.x
      value: 0.10701736
      objectReference: {fileID: 0}
    - target: {fileID: 934372683058554451, guid: 6482072af921e49f790ab65acb37161d, type: 3}
      propertyPath: m_LocalRotation.y
      value: 0.88635546
      objectReference: {fileID: 0}
    - target: {fileID: 934372683058554451, guid: 6482072af921e49f790ab65acb37161d, type: 3}
      propertyPath: m_LocalRotation.z
      value: 0.2558334
      objectReference: {fileID: 0}
    - target: {fileID: 934372683058554451, guid: 6482072af921e49f790ab65acb37161d, type: 3}
      propertyPath: m_LocalEulerAnglesHint.x
      value: -32.2
      objectReference: {fileID: 0}
    - target: {fileID: 934372683058554451, guid: 6482072af921e49f790ab65acb37161d, type: 3}
      propertyPath: m_LocalEulerAnglesHint.y
      value: 225.4
      objectReference: {fileID: 0}
    - target: {fileID: 934372683058554451, guid: 6482072af921e49f790ab65acb37161d, type: 3}
      propertyPath: m_LocalEulerAnglesHint.z
      value: 0
      objectReference: {fileID: 0}
    - target: {fileID: 1013338182796274321, guid: 6482072af921e49f790ab65acb37161d, type: 3}
      propertyPath: m_IsActive
      value: 0
      objectReference: {fileID: 0}
    - target: {fileID: 1098740667783763570, guid: 6482072af921e49f790ab65acb37161d, type: 3}
      propertyPath: m_AnchoredPosition.y
      value: -0.090473995
      objectReference: {fileID: 0}
    - target: {fileID: 1640471086893892058, guid: 6482072af921e49f790ab65acb37161d, type: 3}
      propertyPath: m_IsActive
      value: 0
      objectReference: {fileID: 0}
    - target: {fileID: 1793752802429567737, guid: 6482072af921e49f790ab65acb37161d, type: 3}
      propertyPath: m_AnchoredPosition.y
      value: -0.51052886
      objectReference: {fileID: 0}
    - target: {fileID: 2995421600968705145, guid: 6482072af921e49f790ab65acb37161d, type: 3}
      propertyPath: m_IsActive
      value: 0
      objectReference: {fileID: 0}
    - target: {fileID: 3591951141107851545, guid: 6482072af921e49f790ab65acb37161d, type: 3}
      propertyPath: m_IsActive
      value: 0
      objectReference: {fileID: 0}
    - target: {fileID: 3878650679592288024, guid: 6482072af921e49f790ab65acb37161d, type: 3}
      propertyPath: m_IsActive
      value: 0
      objectReference: {fileID: 0}
    - target: {fileID: 4101497654487071383, guid: 6482072af921e49f790ab65acb37161d, type: 3}
      propertyPath: m_IsActive
      value: 0
      objectReference: {fileID: 0}
    - target: {fileID: 4422474308183528050, guid: 6482072af921e49f790ab65acb37161d, type: 3}
      propertyPath: m_IsActive
      value: 0
      objectReference: {fileID: 0}
    - target: {fileID: 4695118315109814873, guid: 6482072af921e49f790ab65acb37161d, type: 3}
      propertyPath: m_AnchoredPosition.y
      value: -0.097
      objectReference: {fileID: 0}
    - target: {fileID: 5310094785370137050, guid: 6482072af921e49f790ab65acb37161d, type: 3}
      propertyPath: m_IsActive
      value: 0
      objectReference: {fileID: 0}
    - target: {fileID: 5575789163386411817, guid: 6482072af921e49f790ab65acb37161d, type: 3}
      propertyPath: m_AnchoredPosition.y
      value: -0.504
      objectReference: {fileID: 0}
    - target: {fileID: 5646044042322563918, guid: 6482072af921e49f790ab65acb37161d, type: 3}
      propertyPath: m_IsActive
      value: 0
      objectReference: {fileID: 0}
    - target: {fileID: 5742577931791582116, guid: 6482072af921e49f790ab65acb37161d, type: 3}
      propertyPath: m_IsActive
      value: 0
      objectReference: {fileID: 0}
    - target: {fileID: 7433734483821140423, guid: 6482072af921e49f790ab65acb37161d, type: 3}
      propertyPath: m_IsActive
      value: 0
      objectReference: {fileID: 0}
    - target: {fileID: 8073899986654787309, guid: 6482072af921e49f790ab65acb37161d, type: 3}
      propertyPath: m_IsActive
      value: 0
      objectReference: {fileID: 0}
    - target: {fileID: 9194132760388157256, guid: 6482072af921e49f790ab65acb37161d, type: 3}
      propertyPath: m_Name
      value: Scoreboard
      objectReference: {fileID: 0}
    m_RemovedComponents: []
  m_SourcePrefab: {fileID: 100100000, guid: 6482072af921e49f790ab65acb37161d, type: 3}
--- !u!4 &388879198 stripped
Transform:
  m_CorrespondingSourceObject: {fileID: 934372683058554451, guid: 6482072af921e49f790ab65acb37161d, type: 3}
  m_PrefabInstance: {fileID: 388879197}
  m_PrefabAsset: {fileID: 0}
--- !u!1001 &534642867
PrefabInstance:
  m_ObjectHideFlags: 0
  serializedVersion: 2
  m_Modification:
    m_TransformParent: {fileID: 1642662768}
    m_Modifications:
    - target: {fileID: -8679921383154817045, guid: b07b4e0a8ea8748169a1744ab2f1c12a, type: 3}
      propertyPath: m_RootOrder
      value: 6
      objectReference: {fileID: 0}
    - target: {fileID: -8679921383154817045, guid: b07b4e0a8ea8748169a1744ab2f1c12a, type: 3}
      propertyPath: m_LocalScale.x
      value: 1400
      objectReference: {fileID: 0}
    - target: {fileID: -8679921383154817045, guid: b07b4e0a8ea8748169a1744ab2f1c12a, type: 3}
      propertyPath: m_LocalScale.y
      value: 1400
      objectReference: {fileID: 0}
    - target: {fileID: -8679921383154817045, guid: b07b4e0a8ea8748169a1744ab2f1c12a, type: 3}
      propertyPath: m_LocalScale.z
      value: 1400
      objectReference: {fileID: 0}
    - target: {fileID: -8679921383154817045, guid: b07b4e0a8ea8748169a1744ab2f1c12a, type: 3}
      propertyPath: m_LocalPosition.x
      value: -0
      objectReference: {fileID: 0}
    - target: {fileID: -8679921383154817045, guid: b07b4e0a8ea8748169a1744ab2f1c12a, type: 3}
      propertyPath: m_LocalPosition.y
      value: 0
      objectReference: {fileID: 0}
    - target: {fileID: -8679921383154817045, guid: b07b4e0a8ea8748169a1744ab2f1c12a, type: 3}
      propertyPath: m_LocalPosition.z
      value: 0
      objectReference: {fileID: 0}
    - target: {fileID: -8679921383154817045, guid: b07b4e0a8ea8748169a1744ab2f1c12a, type: 3}
      propertyPath: m_LocalRotation.w
      value: 0.7071067
      objectReference: {fileID: 0}
    - target: {fileID: -8679921383154817045, guid: b07b4e0a8ea8748169a1744ab2f1c12a, type: 3}
      propertyPath: m_LocalRotation.x
      value: -0.7071068
      objectReference: {fileID: 0}
    - target: {fileID: -8679921383154817045, guid: b07b4e0a8ea8748169a1744ab2f1c12a, type: 3}
      propertyPath: m_LocalRotation.y
      value: 0
      objectReference: {fileID: 0}
    - target: {fileID: -8679921383154817045, guid: b07b4e0a8ea8748169a1744ab2f1c12a, type: 3}
      propertyPath: m_LocalRotation.z
      value: -0
      objectReference: {fileID: 0}
    - target: {fileID: -8679921383154817045, guid: b07b4e0a8ea8748169a1744ab2f1c12a, type: 3}
      propertyPath: m_LocalEulerAnglesHint.x
      value: 0
      objectReference: {fileID: 0}
    - target: {fileID: -8679921383154817045, guid: b07b4e0a8ea8748169a1744ab2f1c12a, type: 3}
      propertyPath: m_LocalEulerAnglesHint.y
      value: 0
      objectReference: {fileID: 0}
    - target: {fileID: -8679921383154817045, guid: b07b4e0a8ea8748169a1744ab2f1c12a, type: 3}
      propertyPath: m_LocalEulerAnglesHint.z
      value: 0
      objectReference: {fileID: 0}
    - target: {fileID: -7511558181221131132, guid: b07b4e0a8ea8748169a1744ab2f1c12a, type: 3}
      propertyPath: m_Materials.Array.data[0]
      value: 
      objectReference: {fileID: 2100000, guid: 745206fcc8cde4b51a36a08a8d7717a0, type: 2}
    - target: {fileID: 919132149155446097, guid: b07b4e0a8ea8748169a1744ab2f1c12a, type: 3}
      propertyPath: m_Name
      value: SphereSolidify
      objectReference: {fileID: 0}
    - target: {fileID: 919132149155446097, guid: b07b4e0a8ea8748169a1744ab2f1c12a, type: 3}
      propertyPath: m_TagString
      value: StartSticky
      objectReference: {fileID: 0}
    m_RemovedComponents: []
  m_SourcePrefab: {fileID: 100100000, guid: b07b4e0a8ea8748169a1744ab2f1c12a, type: 3}
--- !u!4 &534642868 stripped
Transform:
  m_CorrespondingSourceObject: {fileID: -8679921383154817045, guid: b07b4e0a8ea8748169a1744ab2f1c12a, type: 3}
  m_PrefabInstance: {fileID: 534642867}
  m_PrefabAsset: {fileID: 0}
--- !u!1 &645722784
GameObject:
  m_ObjectHideFlags: 0
  m_CorrespondingSourceObject: {fileID: 0}
  m_PrefabInstance: {fileID: 0}
  m_PrefabAsset: {fileID: 0}
  serializedVersion: 6
  m_Component:
  - component: {fileID: 645722785}
  - component: {fileID: 645722787}
  - component: {fileID: 645722786}
  m_Layer: 5
  m_Name: ContentLeft
  m_TagString: Untagged
  m_Icon: {fileID: 0}
  m_NavMeshLayer: 0
  m_StaticEditorFlags: 0
  m_IsActive: 1
--- !u!224 &645722785
RectTransform:
  m_ObjectHideFlags: 0
  m_CorrespondingSourceObject: {fileID: 0}
  m_PrefabInstance: {fileID: 0}
  m_PrefabAsset: {fileID: 0}
  m_GameObject: {fileID: 645722784}
  m_LocalRotation: {x: -0, y: -0, z: -0, w: 1}
  m_LocalPosition: {x: 0, y: 0, z: 0}
  m_LocalScale: {x: 1, y: 1, z: 1}
  m_Children: []
  m_Father: {fileID: 2080585536}
  m_RootOrder: 3
  m_LocalEulerAnglesHint: {x: 0, y: 0, z: 0}
  m_AnchorMin: {x: 0.5, y: 0.5}
  m_AnchorMax: {x: 0.5, y: 0.5}
  m_AnchoredPosition: {x: -550, y: 0}
  m_SizeDelta: {x: 16, y: 16}
  m_Pivot: {x: 0.5, y: 0.5}
--- !u!114 &645722786
MonoBehaviour:
  m_ObjectHideFlags: 0
  m_CorrespondingSourceObject: {fileID: 0}
  m_PrefabInstance: {fileID: 0}
  m_PrefabAsset: {fileID: 0}
  m_GameObject: {fileID: 645722784}
  m_Enabled: 1
  m_EditorHideFlags: 0
  m_Script: {fileID: 11500000, guid: fe87c0e1cc204ed48ad3b37840f39efc, type: 3}
  m_Name: 
  m_EditorClassIdentifier: 
  m_Material: {fileID: 10754, guid: 0000000000000000f000000000000000, type: 0}
  m_Color: {r: 1, g: 1, b: 1, a: 1}
  m_RaycastTarget: 1
  m_RaycastPadding: {x: 0, y: 0, z: 0, w: 0}
  m_Maskable: 1
  m_OnCullStateChanged:
    m_PersistentCalls:
      m_Calls: []
  m_Sprite: {fileID: 21300000, guid: fd7cf88ee9b05f94f84bd7686a9669a6, type: 3}
  m_Type: 1
  m_PreserveAspect: 0
  m_FillCenter: 1
  m_FillMethod: 4
  m_FillAmount: 1
  m_FillClockwise: 1
  m_FillOrigin: 0
  m_UseSpriteMesh: 0
  m_PixelsPerUnitMultiplier: 1
--- !u!222 &645722787
CanvasRenderer:
  m_ObjectHideFlags: 0
  m_CorrespondingSourceObject: {fileID: 0}
  m_PrefabInstance: {fileID: 0}
  m_PrefabAsset: {fileID: 0}
  m_GameObject: {fileID: 645722784}
  m_CullTransparentMesh: 0
--- !u!1 &697780747
GameObject:
  m_ObjectHideFlags: 0
  m_CorrespondingSourceObject: {fileID: 0}
  m_PrefabInstance: {fileID: 0}
  m_PrefabAsset: {fileID: 0}
  serializedVersion: 6
  m_Component:
  - component: {fileID: 697780748}
  - component: {fileID: 697780751}
  - component: {fileID: 697780750}
  - component: {fileID: 697780749}
  - component: {fileID: 697780752}
  m_Layer: 0
  m_Name: StopAttraction
  m_TagString: StopAttraction
  m_Icon: {fileID: 0}
  m_NavMeshLayer: 0
  m_StaticEditorFlags: 0
  m_IsActive: 1
--- !u!4 &697780748
Transform:
  m_ObjectHideFlags: 0
  m_CorrespondingSourceObject: {fileID: 0}
  m_PrefabInstance: {fileID: 0}
  m_PrefabAsset: {fileID: 0}
  m_GameObject: {fileID: 697780747}
  m_LocalRotation: {x: -0, y: -0, z: -0, w: 1}
  m_LocalPosition: {x: 0, y: -0.11499989, z: 0}
  m_LocalScale: {x: 2, y: 1, z: 2}
  m_Children: []
  m_Father: {fileID: 1642662768}
  m_RootOrder: 5
  m_LocalEulerAnglesHint: {x: 0, y: 0, z: 0}
--- !u!64 &697780749
MeshCollider:
  m_ObjectHideFlags: 0
  m_CorrespondingSourceObject: {fileID: 0}
  m_PrefabInstance: {fileID: 0}
  m_PrefabAsset: {fileID: 0}
  m_GameObject: {fileID: 697780747}
  m_Material: {fileID: 0}
  m_IsTrigger: 1
  m_Enabled: 1
  serializedVersion: 4
  m_Convex: 1
  m_CookingOptions: 30
  m_Mesh: {fileID: 10207, guid: 0000000000000000e000000000000000, type: 0}
--- !u!23 &697780750
MeshRenderer:
  m_ObjectHideFlags: 0
  m_CorrespondingSourceObject: {fileID: 0}
  m_PrefabInstance: {fileID: 0}
  m_PrefabAsset: {fileID: 0}
  m_GameObject: {fileID: 697780747}
  m_Enabled: 0
  m_CastShadows: 1
  m_ReceiveShadows: 1
  m_DynamicOccludee: 1
  m_StaticShadowCaster: 0
  m_MotionVectors: 1
  m_LightProbeUsage: 1
  m_ReflectionProbeUsage: 1
  m_RayTracingMode: 2
  m_RayTraceProcedural: 0
  m_RenderingLayerMask: 1
  m_RendererPriority: 0
  m_Materials:
  - {fileID: 2100000, guid: d0dde4c7a4c684c0fbee711415dd3aa3, type: 2}
  m_StaticBatchInfo:
    firstSubMesh: 0
    subMeshCount: 0
  m_StaticBatchRoot: {fileID: 0}
  m_ProbeAnchor: {fileID: 0}
  m_LightProbeVolumeOverride: {fileID: 0}
  m_ScaleInLightmap: 1
  m_ReceiveGI: 1
  m_PreserveUVs: 0
  m_IgnoreNormalsForChartDetection: 0
  m_ImportantGI: 0
  m_StitchLightmapSeams: 1
  m_SelectedEditorRenderState: 3
  m_MinimumChartSize: 4
  m_AutoUVMaxDistance: 0.5
  m_AutoUVMaxAngle: 89
  m_LightmapParameters: {fileID: 0}
  m_SortingLayerID: 0
  m_SortingLayer: 0
  m_SortingOrder: 0
  m_AdditionalVertexStreams: {fileID: 0}
--- !u!33 &697780751
MeshFilter:
  m_ObjectHideFlags: 0
  m_CorrespondingSourceObject: {fileID: 0}
  m_PrefabInstance: {fileID: 0}
  m_PrefabAsset: {fileID: 0}
  m_GameObject: {fileID: 697780747}
  m_Mesh: {fileID: 10207, guid: 0000000000000000e000000000000000, type: 0}
--- !u!114 &697780752
MonoBehaviour:
  m_ObjectHideFlags: 0
  m_CorrespondingSourceObject: {fileID: 0}
  m_PrefabInstance: {fileID: 0}
  m_PrefabAsset: {fileID: 0}
  m_GameObject: {fileID: 697780747}
  m_Enabled: 1
  m_EditorHideFlags: 0
  m_Script: {fileID: 11500000, guid: f8782c679f60543f68dc3fce84eae699, type: 3}
  m_Name: 
  m_EditorClassIdentifier: 
--- !u!1 &953319580
GameObject:
  m_ObjectHideFlags: 0
  m_CorrespondingSourceObject: {fileID: 0}
  m_PrefabInstance: {fileID: 0}
  m_PrefabAsset: {fileID: 0}
  serializedVersion: 6
  m_Component:
  - component: {fileID: 953319581}
  - component: {fileID: 953319582}
  m_Layer: 0
  m_Name: Point Light
  m_TagString: Untagged
  m_Icon: {fileID: 0}
  m_NavMeshLayer: 0
  m_StaticEditorFlags: 0
  m_IsActive: 1
--- !u!4 &953319581
Transform:
  m_ObjectHideFlags: 0
  m_CorrespondingSourceObject: {fileID: 0}
  m_PrefabInstance: {fileID: 0}
  m_PrefabAsset: {fileID: 0}
  m_GameObject: {fileID: 953319580}
  m_LocalRotation: {x: -0, y: -0, z: -0, w: 1}
  m_LocalPosition: {x: 0, y: 2, z: 0}
  m_LocalScale: {x: 1, y: 1, z: 1}
  m_Children: []
  m_Father: {fileID: 1642662768}
  m_RootOrder: 7
  m_LocalEulerAnglesHint: {x: 0, y: 0, z: 0}
--- !u!108 &953319582
Light:
  m_ObjectHideFlags: 0
  m_CorrespondingSourceObject: {fileID: 0}
  m_PrefabInstance: {fileID: 0}
  m_PrefabAsset: {fileID: 0}
  m_GameObject: {fileID: 953319580}
  m_Enabled: 1
  serializedVersion: 10
  m_Type: 2
  m_Shape: 0
  m_Color: {r: 1, g: 1, b: 1, a: 1}
  m_Intensity: 3
  m_Range: 12
  m_SpotAngle: 30
  m_InnerSpotAngle: 21.80208
  m_CookieSize: 10
  m_Shadows:
    m_Type: 0
    m_Resolution: -1
    m_CustomResolution: -1
    m_Strength: 1
    m_Bias: 0.05
    m_NormalBias: 0.4
    m_NearPlane: 0.2
    m_CullingMatrixOverride:
      e00: 1
      e01: 0
      e02: 0
      e03: 0
      e10: 0
      e11: 1
      e12: 0
      e13: 0
      e20: 0
      e21: 0
      e22: 1
      e23: 0
      e30: 0
      e31: 0
      e32: 0
      e33: 1
    m_UseCullingMatrixOverride: 0
  m_Cookie: {fileID: 0}
  m_DrawHalo: 0
  m_Flare: {fileID: 0}
  m_RenderMode: 0
  m_CullingMask:
    serializedVersion: 2
    m_Bits: 4294967295
  m_RenderingLayerMask: 1
  m_Lightmapping: 4
  m_LightShadowCasterMode: 0
  m_AreaSize: {x: 1, y: 1}
  m_BounceIntensity: 1
  m_ColorTemperature: 6570
  m_UseColorTemperature: 0
  m_BoundingSphereOverride: {x: 0, y: 0, z: 0, w: 0}
  m_UseBoundingSphereOverride: 0
  m_UseViewFrustumForShadowCasterCull: 1
  m_ShadowRadius: 0
  m_ShadowAngle: 0
--- !u!1 &1063399198
GameObject:
  m_ObjectHideFlags: 0
  m_CorrespondingSourceObject: {fileID: 0}
  m_PrefabInstance: {fileID: 0}
  m_PrefabAsset: {fileID: 0}
  serializedVersion: 6
  m_Component:
  - component: {fileID: 1063399199}
  - component: {fileID: 1063399201}
  - component: {fileID: 1063399200}
  m_Layer: 5
  m_Name: Content
  m_TagString: Untagged
  m_Icon: {fileID: 0}
  m_NavMeshLayer: 0
  m_StaticEditorFlags: 0
  m_IsActive: 1
--- !u!224 &1063399199
RectTransform:
  m_ObjectHideFlags: 0
  m_CorrespondingSourceObject: {fileID: 0}
  m_PrefabInstance: {fileID: 0}
  m_PrefabAsset: {fileID: 0}
  m_GameObject: {fileID: 1063399198}
  m_LocalRotation: {x: -0, y: -0, z: -0, w: 1}
  m_LocalPosition: {x: 0, y: 0, z: 0}
  m_LocalScale: {x: 1, y: 1, z: 1}
  m_Children: []
  m_Father: {fileID: 2080585536}
  m_RootOrder: 0
  m_LocalEulerAnglesHint: {x: 0, y: 0, z: 0}
  m_AnchorMin: {x: 0.5, y: 0.5}
  m_AnchorMax: {x: 0.5, y: 0.5}
  m_AnchoredPosition: {x: 0, y: 0}
  m_SizeDelta: {x: 575, y: 16}
  m_Pivot: {x: 0.5, y: 0.5}
--- !u!114 &1063399200
MonoBehaviour:
  m_ObjectHideFlags: 0
  m_CorrespondingSourceObject: {fileID: 0}
  m_PrefabInstance: {fileID: 0}
  m_PrefabAsset: {fileID: 0}
  m_GameObject: {fileID: 1063399198}
  m_Enabled: 1
  m_EditorHideFlags: 0
  m_Script: {fileID: 11500000, guid: fe87c0e1cc204ed48ad3b37840f39efc, type: 3}
  m_Name: 
  m_EditorClassIdentifier: 
  m_Material: {fileID: 10754, guid: 0000000000000000f000000000000000, type: 0}
  m_Color: {r: 1, g: 1, b: 1, a: 1}
  m_RaycastTarget: 1
  m_RaycastPadding: {x: 0, y: 0, z: 0, w: 0}
  m_Maskable: 1
  m_OnCullStateChanged:
    m_PersistentCalls:
      m_Calls: []
  m_Sprite: {fileID: 21300000, guid: fd7cf88ee9b05f94f84bd7686a9669a6, type: 3}
  m_Type: 1
  m_PreserveAspect: 0
  m_FillCenter: 1
  m_FillMethod: 4
  m_FillAmount: 1
  m_FillClockwise: 1
  m_FillOrigin: 0
  m_UseSpriteMesh: 0
  m_PixelsPerUnitMultiplier: 1
--- !u!222 &1063399201
CanvasRenderer:
  m_ObjectHideFlags: 0
  m_CorrespondingSourceObject: {fileID: 0}
  m_PrefabInstance: {fileID: 0}
  m_PrefabAsset: {fileID: 0}
  m_GameObject: {fileID: 1063399198}
  m_CullTransparentMesh: 0
--- !u!1001 &1174116677
PrefabInstance:
  m_ObjectHideFlags: 0
  serializedVersion: 2
  m_Modification:
    m_TransformParent: {fileID: 1642662768}
    m_Modifications:
    - target: {fileID: 934372683058554451, guid: 6482072af921e49f790ab65acb37161d, type: 3}
      propertyPath: m_RootOrder
      value: 4
      objectReference: {fileID: 0}
    - target: {fileID: 934372683058554451, guid: 6482072af921e49f790ab65acb37161d, type: 3}
      propertyPath: m_LocalPosition.x
      value: 14.4
      objectReference: {fileID: 0}
    - target: {fileID: 934372683058554451, guid: 6482072af921e49f790ab65acb37161d, type: 3}
      propertyPath: m_LocalPosition.y
      value: 5.68
      objectReference: {fileID: 0}
    - target: {fileID: 934372683058554451, guid: 6482072af921e49f790ab65acb37161d, type: 3}
      propertyPath: m_LocalPosition.z
      value: 53.6
      objectReference: {fileID: 0}
    - target: {fileID: 934372683058554451, guid: 6482072af921e49f790ab65acb37161d, type: 3}
      propertyPath: m_LocalRotation.w
      value: 0.97832876
      objectReference: {fileID: 0}
    - target: {fileID: 934372683058554451, guid: 6482072af921e49f790ab65acb37161d, type: 3}
      propertyPath: m_LocalRotation.x
      value: 0
      objectReference: {fileID: 0}
    - target: {fileID: 934372683058554451, guid: 6482072af921e49f790ab65acb37161d, type: 3}
      propertyPath: m_LocalRotation.y
      value: 0.20705797
      objectReference: {fileID: 0}
    - target: {fileID: 934372683058554451, guid: 6482072af921e49f790ab65acb37161d, type: 3}
      propertyPath: m_LocalRotation.z
      value: 0
      objectReference: {fileID: 0}
    - target: {fileID: 934372683058554451, guid: 6482072af921e49f790ab65acb37161d, type: 3}
      propertyPath: m_LocalEulerAnglesHint.x
      value: 0
      objectReference: {fileID: 0}
    - target: {fileID: 934372683058554451, guid: 6482072af921e49f790ab65acb37161d, type: 3}
      propertyPath: m_LocalEulerAnglesHint.y
      value: 23.9
      objectReference: {fileID: 0}
    - target: {fileID: 934372683058554451, guid: 6482072af921e49f790ab65acb37161d, type: 3}
      propertyPath: m_LocalEulerAnglesHint.z
      value: 0
      objectReference: {fileID: 0}
    - target: {fileID: 1013338182796274321, guid: 6482072af921e49f790ab65acb37161d, type: 3}
      propertyPath: m_IsActive
      value: 0
      objectReference: {fileID: 0}
    - target: {fileID: 1098740667783763570, guid: 6482072af921e49f790ab65acb37161d, type: 3}
      propertyPath: m_AnchoredPosition.y
      value: -0.090473995
      objectReference: {fileID: 0}
    - target: {fileID: 1640471086893892058, guid: 6482072af921e49f790ab65acb37161d, type: 3}
      propertyPath: m_IsActive
      value: 0
      objectReference: {fileID: 0}
    - target: {fileID: 1793752802429567737, guid: 6482072af921e49f790ab65acb37161d, type: 3}
      propertyPath: m_AnchoredPosition.y
      value: -0.51052886
      objectReference: {fileID: 0}
    - target: {fileID: 2995421600968705145, guid: 6482072af921e49f790ab65acb37161d, type: 3}
      propertyPath: m_IsActive
      value: 0
      objectReference: {fileID: 0}
    - target: {fileID: 3591951141107851545, guid: 6482072af921e49f790ab65acb37161d, type: 3}
      propertyPath: m_IsActive
      value: 0
      objectReference: {fileID: 0}
    - target: {fileID: 3878650679592288024, guid: 6482072af921e49f790ab65acb37161d, type: 3}
      propertyPath: m_IsActive
      value: 0
      objectReference: {fileID: 0}
    - target: {fileID: 4101497654487071383, guid: 6482072af921e49f790ab65acb37161d, type: 3}
      propertyPath: m_IsActive
      value: 0
      objectReference: {fileID: 0}
    - target: {fileID: 4422474308183528050, guid: 6482072af921e49f790ab65acb37161d, type: 3}
      propertyPath: m_IsActive
      value: 0
      objectReference: {fileID: 0}
    - target: {fileID: 4695118315109814873, guid: 6482072af921e49f790ab65acb37161d, type: 3}
      propertyPath: m_AnchoredPosition.y
      value: -0.097
      objectReference: {fileID: 0}
    - target: {fileID: 5310094785370137050, guid: 6482072af921e49f790ab65acb37161d, type: 3}
      propertyPath: m_IsActive
      value: 0
      objectReference: {fileID: 0}
    - target: {fileID: 5575789163386411817, guid: 6482072af921e49f790ab65acb37161d, type: 3}
      propertyPath: m_AnchoredPosition.y
      value: -0.504
      objectReference: {fileID: 0}
    - target: {fileID: 5646044042322563918, guid: 6482072af921e49f790ab65acb37161d, type: 3}
      propertyPath: m_IsActive
      value: 0
      objectReference: {fileID: 0}
    - target: {fileID: 5742577931791582116, guid: 6482072af921e49f790ab65acb37161d, type: 3}
      propertyPath: m_IsActive
      value: 0
      objectReference: {fileID: 0}
    - target: {fileID: 7433734483821140423, guid: 6482072af921e49f790ab65acb37161d, type: 3}
      propertyPath: m_IsActive
      value: 0
      objectReference: {fileID: 0}
    - target: {fileID: 8073899986654787309, guid: 6482072af921e49f790ab65acb37161d, type: 3}
      propertyPath: m_IsActive
      value: 0
      objectReference: {fileID: 0}
    - target: {fileID: 9194132760388157256, guid: 6482072af921e49f790ab65acb37161d, type: 3}
      propertyPath: m_Name
      value: Scoreboard (1)
      objectReference: {fileID: 0}
    m_RemovedComponents: []
  m_SourcePrefab: {fileID: 100100000, guid: 6482072af921e49f790ab65acb37161d, type: 3}
--- !u!4 &1174116678 stripped
Transform:
  m_CorrespondingSourceObject: {fileID: 934372683058554451, guid: 6482072af921e49f790ab65acb37161d, type: 3}
  m_PrefabInstance: {fileID: 1174116677}
  m_PrefabAsset: {fileID: 0}
--- !u!1001 &1243207170
PrefabInstance:
  m_ObjectHideFlags: 0
  serializedVersion: 2
  m_Modification:
    m_TransformParent: {fileID: 0}
    m_Modifications:
    - target: {fileID: 4496358602766218534, guid: fdef264673eec403ea526370e58b165d, type: 3}
      propertyPath: UIMenu
      value: 
      objectReference: {fileID: 2080585535}
    - target: {fileID: 4496358602766218534, guid: fdef264673eec403ea526370e58b165d, type: 3}
      propertyPath: staticMenuLocation
      value: 
      objectReference: {fileID: 228867762}
    - target: {fileID: 4496358602910288402, guid: fdef264673eec403ea526370e58b165d, type: 3}
      propertyPath: m_player
      value: 
      objectReference: {fileID: 1243207171}
    - target: {fileID: 4496358603049232555, guid: fdef264673eec403ea526370e58b165d, type: 3}
      propertyPath: m_player
      value: 
      objectReference: {fileID: 1243207171}
    - target: {fileID: 4496358603512896534, guid: fdef264673eec403ea526370e58b165d, type: 3}
      propertyPath: m_Materials.Array.data[0]
      value: 
      objectReference: {fileID: 2100000, guid: 2053692007a444b4298a3c679f98a1ce, type: 2}
    - target: {fileID: 4496358603532718688, guid: fdef264673eec403ea526370e58b165d, type: 3}
      propertyPath: m_Name
      value: OVRPlayerController-DynamicUI
      objectReference: {fileID: 0}
    - target: {fileID: 4496358603532718693, guid: fdef264673eec403ea526370e58b165d, type: 3}
      propertyPath: m_RootOrder
      value: 4
      objectReference: {fileID: 0}
    - target: {fileID: 4496358603532718693, guid: fdef264673eec403ea526370e58b165d, type: 3}
      propertyPath: m_LocalPosition.x
      value: 0
      objectReference: {fileID: 0}
    - target: {fileID: 4496358603532718693, guid: fdef264673eec403ea526370e58b165d, type: 3}
      propertyPath: m_LocalPosition.y
      value: 0
      objectReference: {fileID: 0}
    - target: {fileID: 4496358603532718693, guid: fdef264673eec403ea526370e58b165d, type: 3}
      propertyPath: m_LocalPosition.z
      value: 0
      objectReference: {fileID: 0}
    - target: {fileID: 4496358603532718693, guid: fdef264673eec403ea526370e58b165d, type: 3}
      propertyPath: m_LocalRotation.w
      value: 1
      objectReference: {fileID: 0}
    - target: {fileID: 4496358603532718693, guid: fdef264673eec403ea526370e58b165d, type: 3}
      propertyPath: m_LocalRotation.x
      value: 0
      objectReference: {fileID: 0}
    - target: {fileID: 4496358603532718693, guid: fdef264673eec403ea526370e58b165d, type: 3}
      propertyPath: m_LocalRotation.y
      value: 0
      objectReference: {fileID: 0}
    - target: {fileID: 4496358603532718693, guid: fdef264673eec403ea526370e58b165d, type: 3}
      propertyPath: m_LocalRotation.z
      value: 0
      objectReference: {fileID: 0}
    - target: {fileID: 4496358603532718693, guid: fdef264673eec403ea526370e58b165d, type: 3}
      propertyPath: m_LocalEulerAnglesHint.x
      value: 0
      objectReference: {fileID: 0}
    - target: {fileID: 4496358603532718693, guid: fdef264673eec403ea526370e58b165d, type: 3}
      propertyPath: m_LocalEulerAnglesHint.y
      value: 0
      objectReference: {fileID: 0}
    - target: {fileID: 4496358603532718693, guid: fdef264673eec403ea526370e58b165d, type: 3}
      propertyPath: m_LocalEulerAnglesHint.z
      value: 0
      objectReference: {fileID: 0}
    - target: {fileID: 4496358603534843642, guid: fdef264673eec403ea526370e58b165d, type: 3}
      propertyPath: fallSpeed
      value: 0.1
      objectReference: {fileID: 0}
    - target: {fileID: 4496358603604320632, guid: fdef264673eec403ea526370e58b165d, type: 3}
      propertyPath: _colorGamut
      value: 6
      objectReference: {fileID: 0}
    - target: {fileID: 4496358604039580934, guid: fdef264673eec403ea526370e58b165d, type: 3}
      propertyPath: m_Materials.Array.data[0]
      value: 
      objectReference: {fileID: 10302, guid: 0000000000000000f000000000000000, type: 0}
    m_RemovedComponents: []
  m_SourcePrefab: {fileID: 100100000, guid: fdef264673eec403ea526370e58b165d, type: 3}
--- !u!1 &1243207171 stripped
GameObject:
  m_CorrespondingSourceObject: {fileID: 4496358603532718688, guid: fdef264673eec403ea526370e58b165d, type: 3}
  m_PrefabInstance: {fileID: 1243207170}
  m_PrefabAsset: {fileID: 0}
--- !u!1 &1243207172 stripped
GameObject:
  m_CorrespondingSourceObject: {fileID: 4496358603750786014, guid: fdef264673eec403ea526370e58b165d, type: 3}
  m_PrefabInstance: {fileID: 1243207170}
  m_PrefabAsset: {fileID: 0}
--- !u!4 &1243207173 stripped
Transform:
  m_CorrespondingSourceObject: {fileID: 4496358603534843633, guid: fdef264673eec403ea526370e58b165d, type: 3}
  m_PrefabInstance: {fileID: 1243207170}
  m_PrefabAsset: {fileID: 0}
--- !u!114 &1243207174
MonoBehaviour:
  m_ObjectHideFlags: 0
  m_CorrespondingSourceObject: {fileID: 0}
  m_PrefabInstance: {fileID: 0}
  m_PrefabAsset: {fileID: 0}
  m_GameObject: {fileID: 1243207172}
  m_Enabled: 1
  m_EditorHideFlags: 0
  m_Script: {fileID: 11500000, guid: a79441f348de89743a2939f4d699eac1, type: 3}
  m_Name: 
  m_EditorClassIdentifier: 
  m_RenderShadows: 1
  m_RequiresDepthTextureOption: 2
  m_RequiresOpaqueTextureOption: 2
  m_CameraType: 0
  m_Cameras: []
  m_RendererIndex: -1
  m_VolumeLayerMask:
    serializedVersion: 2
    m_Bits: 1
  m_VolumeTrigger: {fileID: 0}
  m_RenderPostProcessing: 0
  m_Antialiasing: 0
  m_AntialiasingQuality: 2
  m_StopNaN: 0
  m_Dithering: 0
  m_ClearDepth: 1
  m_AllowXRRendering: 1
  m_RequiresDepthTexture: 0
  m_RequiresColorTexture: 0
  m_Version: 2
--- !u!4 &1260355278 stripped
Transform:
  m_CorrespondingSourceObject: {fileID: 3559382872860456433, guid: 8438cae352a274e939355da012fb2a48, type: 3}
  m_PrefabInstance: {fileID: 1973469552}
  m_PrefabAsset: {fileID: 0}
--- !u!1001 &1319699303
PrefabInstance:
  m_ObjectHideFlags: 0
  serializedVersion: 2
  m_Modification:
    m_TransformParent: {fileID: 365926101}
    m_Modifications:
    - target: {fileID: 3559382872860456432, guid: 8438cae352a274e939355da012fb2a48, type: 3}
      propertyPath: m_Name
      value: smallSphere 3
      objectReference: {fileID: 0}
    - target: {fileID: 3559382872860456432, guid: 8438cae352a274e939355da012fb2a48, type: 3}
      propertyPath: m_IsActive
      value: 1
      objectReference: {fileID: 0}
    - target: {fileID: 3559382872860456433, guid: 8438cae352a274e939355da012fb2a48, type: 3}
      propertyPath: m_RootOrder
      value: 2
      objectReference: {fileID: 0}
    - target: {fileID: 3559382872860456433, guid: 8438cae352a274e939355da012fb2a48, type: 3}
      propertyPath: m_LocalPosition.x
      value: 8.38
      objectReference: {fileID: 0}
    - target: {fileID: 3559382872860456433, guid: 8438cae352a274e939355da012fb2a48, type: 3}
      propertyPath: m_LocalPosition.y
      value: 0
      objectReference: {fileID: 0}
    - target: {fileID: 3559382872860456433, guid: 8438cae352a274e939355da012fb2a48, type: 3}
      propertyPath: m_LocalPosition.z
      value: 0
      objectReference: {fileID: 0}
    - target: {fileID: 3559382872860456433, guid: 8438cae352a274e939355da012fb2a48, type: 3}
      propertyPath: m_LocalRotation.w
      value: 1
      objectReference: {fileID: 0}
    - target: {fileID: 3559382872860456433, guid: 8438cae352a274e939355da012fb2a48, type: 3}
      propertyPath: m_LocalRotation.x
      value: -0
      objectReference: {fileID: 0}
    - target: {fileID: 3559382872860456433, guid: 8438cae352a274e939355da012fb2a48, type: 3}
      propertyPath: m_LocalRotation.y
      value: -0
      objectReference: {fileID: 0}
    - target: {fileID: 3559382872860456433, guid: 8438cae352a274e939355da012fb2a48, type: 3}
      propertyPath: m_LocalRotation.z
      value: -0
      objectReference: {fileID: 0}
    - target: {fileID: 3559382872860456433, guid: 8438cae352a274e939355da012fb2a48, type: 3}
      propertyPath: m_LocalEulerAnglesHint.x
      value: 0
      objectReference: {fileID: 0}
    - target: {fileID: 3559382872860456433, guid: 8438cae352a274e939355da012fb2a48, type: 3}
      propertyPath: m_LocalEulerAnglesHint.y
      value: 0
      objectReference: {fileID: 0}
    - target: {fileID: 3559382872860456433, guid: 8438cae352a274e939355da012fb2a48, type: 3}
      propertyPath: m_LocalEulerAnglesHint.z
      value: 0
      objectReference: {fileID: 0}
    m_RemovedComponents: []
  m_SourcePrefab: {fileID: 100100000, guid: 8438cae352a274e939355da012fb2a48, type: 3}
--- !u!4 &1319699304 stripped
Transform:
  m_CorrespondingSourceObject: {fileID: 3559382872860456433, guid: 8438cae352a274e939355da012fb2a48, type: 3}
  m_PrefabInstance: {fileID: 1319699303}
  m_PrefabAsset: {fileID: 0}
--- !u!1 &1375222775
GameObject:
  m_ObjectHideFlags: 0
  m_CorrespondingSourceObject: {fileID: 0}
  m_PrefabInstance: {fileID: 0}
  m_PrefabAsset: {fileID: 0}
  serializedVersion: 6
  m_Component:
  - component: {fileID: 1375222776}
  - component: {fileID: 1375222780}
  - component: {fileID: 1375222779}
  - component: {fileID: 1375222778}
  - component: {fileID: 1375222777}
  m_Layer: 0
  m_Name: LosePlane
  m_TagString: Untagged
  m_Icon: {fileID: 0}
  m_NavMeshLayer: 0
  m_StaticEditorFlags: 0
  m_IsActive: 0
--- !u!4 &1375222776
Transform:
  m_ObjectHideFlags: 0
  m_CorrespondingSourceObject: {fileID: 0}
  m_PrefabInstance: {fileID: 0}
  m_PrefabAsset: {fileID: 0}
  m_GameObject: {fileID: 1375222775}
  m_LocalRotation: {x: -0, y: -0, z: -0, w: 1}
  m_LocalPosition: {x: 0, y: 0, z: 0}
  m_LocalScale: {x: 1, y: 1, z: 1}
  m_Children: []
  m_Father: {fileID: 1657614899}
  m_RootOrder: 0
  m_LocalEulerAnglesHint: {x: 90, y: 0, z: 0}
--- !u!328 &1375222777
VideoPlayer:
  m_ObjectHideFlags: 0
  m_CorrespondingSourceObject: {fileID: 0}
  m_PrefabInstance: {fileID: 0}
  m_PrefabAsset: {fileID: 0}
  m_GameObject: {fileID: 1375222775}
  m_Enabled: 1
  m_VideoClip: {fileID: 32900000, guid: b40025251fbb746158254303d6a9cd5c, type: 3}
  m_TargetCameraAlpha: 1
  m_TargetCamera3DLayout: 0
  m_TargetCamera: {fileID: 0}
  m_TargetTexture: {fileID: 8400000, guid: 5333acee22f134c3cbda7ce7332700ad, type: 2}
  m_TimeReference: 0
  m_TargetMaterialRenderer: {fileID: 0}
  m_TargetMaterialProperty: _MainTex
  m_RenderMode: 2
  m_AspectRatio: 2
  m_DataSource: 0
  m_PlaybackSpeed: 1
  m_AudioOutputMode: 2
  m_TargetAudioSources:
  - {fileID: 0}
  m_DirectAudioVolumes:
  - 1
  m_Url: 
  m_EnabledAudioTracks: 01
  m_DirectAudioMutes: 00
  m_ControlledAudioTrackCount: 1
  m_PlayOnAwake: 1
  m_SkipOnDrop: 0
  m_Looping: 0
  m_WaitForFirstFrame: 0
  m_FrameReadyEventEnabled: 0
  m_VideoShaders: []
--- !u!64 &1375222778
MeshCollider:
  m_ObjectHideFlags: 0
  m_CorrespondingSourceObject: {fileID: 0}
  m_PrefabInstance: {fileID: 0}
  m_PrefabAsset: {fileID: 0}
  m_GameObject: {fileID: 1375222775}
  m_Material: {fileID: 0}
  m_IsTrigger: 0
  m_Enabled: 1
  serializedVersion: 4
  m_Convex: 0
  m_CookingOptions: 30
  m_Mesh: {fileID: 10209, guid: 0000000000000000e000000000000000, type: 0}
--- !u!23 &1375222779
MeshRenderer:
  m_ObjectHideFlags: 0
  m_CorrespondingSourceObject: {fileID: 0}
  m_PrefabInstance: {fileID: 0}
  m_PrefabAsset: {fileID: 0}
  m_GameObject: {fileID: 1375222775}
  m_Enabled: 1
  m_CastShadows: 1
  m_ReceiveShadows: 1
  m_DynamicOccludee: 1
  m_StaticShadowCaster: 0
  m_MotionVectors: 1
  m_LightProbeUsage: 1
  m_ReflectionProbeUsage: 1
  m_RayTracingMode: 2
  m_RayTraceProcedural: 0
  m_RenderingLayerMask: 1
  m_RendererPriority: 0
  m_Materials:
  - {fileID: 2100000, guid: a880d16b750234bcabc28a8a951ab43f, type: 2}
  m_StaticBatchInfo:
    firstSubMesh: 0
    subMeshCount: 0
  m_StaticBatchRoot: {fileID: 0}
  m_ProbeAnchor: {fileID: 0}
  m_LightProbeVolumeOverride: {fileID: 0}
  m_ScaleInLightmap: 1
  m_ReceiveGI: 1
  m_PreserveUVs: 0
  m_IgnoreNormalsForChartDetection: 0
  m_ImportantGI: 0
  m_StitchLightmapSeams: 1
  m_SelectedEditorRenderState: 3
  m_MinimumChartSize: 4
  m_AutoUVMaxDistance: 0.5
  m_AutoUVMaxAngle: 89
  m_LightmapParameters: {fileID: 0}
  m_SortingLayerID: 0
  m_SortingLayer: 0
  m_SortingOrder: 0
  m_AdditionalVertexStreams: {fileID: 0}
--- !u!33 &1375222780
MeshFilter:
  m_ObjectHideFlags: 0
  m_CorrespondingSourceObject: {fileID: 0}
  m_PrefabInstance: {fileID: 0}
  m_PrefabAsset: {fileID: 0}
  m_GameObject: {fileID: 1375222775}
  m_Mesh: {fileID: 10209, guid: 0000000000000000e000000000000000, type: 0}
--- !u!1 &1375854202
GameObject:
  m_ObjectHideFlags: 0
  m_CorrespondingSourceObject: {fileID: 0}
  m_PrefabInstance: {fileID: 0}
  m_PrefabAsset: {fileID: 0}
  serializedVersion: 6
  m_Component:
  - component: {fileID: 1375854203}
  - component: {fileID: 1375854207}
  - component: {fileID: 1375854206}
  - component: {fileID: 1375854205}
  - component: {fileID: 1375854204}
  m_Layer: 0
  m_Name: WinPlane
  m_TagString: Untagged
  m_Icon: {fileID: 0}
  m_NavMeshLayer: 0
  m_StaticEditorFlags: 0
  m_IsActive: 0
--- !u!4 &1375854203
Transform:
  m_ObjectHideFlags: 0
  m_CorrespondingSourceObject: {fileID: 0}
  m_PrefabInstance: {fileID: 0}
  m_PrefabAsset: {fileID: 0}
  m_GameObject: {fileID: 1375854202}
  m_LocalRotation: {x: -0, y: -0, z: -0, w: 1}
  m_LocalPosition: {x: 0, y: 0, z: 0}
  m_LocalScale: {x: 1, y: 1, z: 1}
  m_Children: []
  m_Father: {fileID: 1657614899}
  m_RootOrder: 1
  m_LocalEulerAnglesHint: {x: 90, y: 0, z: 0}
--- !u!328 &1375854204
VideoPlayer:
  m_ObjectHideFlags: 0
  m_CorrespondingSourceObject: {fileID: 0}
  m_PrefabInstance: {fileID: 0}
  m_PrefabAsset: {fileID: 0}
  m_GameObject: {fileID: 1375854202}
  m_Enabled: 1
  m_VideoClip: {fileID: 32900000, guid: b40025251fbb746158254303d6a9cd5c, type: 3}
  m_TargetCameraAlpha: 1
  m_TargetCamera3DLayout: 0
  m_TargetCamera: {fileID: 0}
  m_TargetTexture: {fileID: 8400000, guid: 5333acee22f134c3cbda7ce7332700ad, type: 2}
  m_TimeReference: 0
  m_TargetMaterialRenderer: {fileID: 0}
  m_TargetMaterialProperty: _MainTex
  m_RenderMode: 2
  m_AspectRatio: 2
  m_DataSource: 0
  m_PlaybackSpeed: 1
  m_AudioOutputMode: 2
  m_TargetAudioSources:
  - {fileID: 0}
  m_DirectAudioVolumes:
  - 1
  m_Url: 
  m_EnabledAudioTracks: 01
  m_DirectAudioMutes: 00
  m_ControlledAudioTrackCount: 1
  m_PlayOnAwake: 1
  m_SkipOnDrop: 0
  m_Looping: 0
  m_WaitForFirstFrame: 0
  m_FrameReadyEventEnabled: 0
  m_VideoShaders: []
--- !u!64 &1375854205
MeshCollider:
  m_ObjectHideFlags: 0
  m_CorrespondingSourceObject: {fileID: 0}
  m_PrefabInstance: {fileID: 0}
  m_PrefabAsset: {fileID: 0}
  m_GameObject: {fileID: 1375854202}
  m_Material: {fileID: 0}
  m_IsTrigger: 0
  m_Enabled: 1
  serializedVersion: 4
  m_Convex: 0
  m_CookingOptions: 30
  m_Mesh: {fileID: 10209, guid: 0000000000000000e000000000000000, type: 0}
--- !u!23 &1375854206
MeshRenderer:
  m_ObjectHideFlags: 0
  m_CorrespondingSourceObject: {fileID: 0}
  m_PrefabInstance: {fileID: 0}
  m_PrefabAsset: {fileID: 0}
  m_GameObject: {fileID: 1375854202}
  m_Enabled: 1
  m_CastShadows: 1
  m_ReceiveShadows: 1
  m_DynamicOccludee: 1
  m_StaticShadowCaster: 0
  m_MotionVectors: 1
  m_LightProbeUsage: 1
  m_ReflectionProbeUsage: 1
  m_RayTracingMode: 2
  m_RayTraceProcedural: 0
  m_RenderingLayerMask: 1
  m_RendererPriority: 0
  m_Materials:
  - {fileID: 2100000, guid: a880d16b750234bcabc28a8a951ab43f, type: 2}
  m_StaticBatchInfo:
    firstSubMesh: 0
    subMeshCount: 0
  m_StaticBatchRoot: {fileID: 0}
  m_ProbeAnchor: {fileID: 0}
  m_LightProbeVolumeOverride: {fileID: 0}
  m_ScaleInLightmap: 1
  m_ReceiveGI: 1
  m_PreserveUVs: 0
  m_IgnoreNormalsForChartDetection: 0
  m_ImportantGI: 0
  m_StitchLightmapSeams: 1
  m_SelectedEditorRenderState: 3
  m_MinimumChartSize: 4
  m_AutoUVMaxDistance: 0.5
  m_AutoUVMaxAngle: 89
  m_LightmapParameters: {fileID: 0}
  m_SortingLayerID: 0
  m_SortingLayer: 0
  m_SortingOrder: 0
  m_AdditionalVertexStreams: {fileID: 0}
--- !u!33 &1375854207
MeshFilter:
  m_ObjectHideFlags: 0
  m_CorrespondingSourceObject: {fileID: 0}
  m_PrefabInstance: {fileID: 0}
  m_PrefabAsset: {fileID: 0}
  m_GameObject: {fileID: 1375854202}
  m_Mesh: {fileID: 10209, guid: 0000000000000000e000000000000000, type: 0}
--- !u!1001 &1429455530
PrefabInstance:
  m_ObjectHideFlags: 0
  serializedVersion: 2
  m_Modification:
    m_TransformParent: {fileID: 365926101}
    m_Modifications:
    - target: {fileID: 529284446933264706, guid: 35f2032cbf0054b46b09432c7e23f9e2, type: 3}
      propertyPath: m_Name
      value: bigSphere 1
      objectReference: {fileID: 0}
    - target: {fileID: 529284446933264707, guid: 35f2032cbf0054b46b09432c7e23f9e2, type: 3}
      propertyPath: m_RootOrder
      value: 3
      objectReference: {fileID: 0}
    - target: {fileID: 529284446933264707, guid: 35f2032cbf0054b46b09432c7e23f9e2, type: 3}
      propertyPath: m_LocalPosition.x
      value: 5
      objectReference: {fileID: 0}
    - target: {fileID: 529284446933264707, guid: 35f2032cbf0054b46b09432c7e23f9e2, type: 3}
      propertyPath: m_LocalPosition.y
      value: 5
      objectReference: {fileID: 0}
    - target: {fileID: 529284446933264707, guid: 35f2032cbf0054b46b09432c7e23f9e2, type: 3}
      propertyPath: m_LocalPosition.z
      value: 5
      objectReference: {fileID: 0}
    - target: {fileID: 529284446933264707, guid: 35f2032cbf0054b46b09432c7e23f9e2, type: 3}
      propertyPath: m_LocalRotation.w
      value: 1
      objectReference: {fileID: 0}
    - target: {fileID: 529284446933264707, guid: 35f2032cbf0054b46b09432c7e23f9e2, type: 3}
      propertyPath: m_LocalRotation.x
      value: -0
      objectReference: {fileID: 0}
    - target: {fileID: 529284446933264707, guid: 35f2032cbf0054b46b09432c7e23f9e2, type: 3}
      propertyPath: m_LocalRotation.y
      value: -0
      objectReference: {fileID: 0}
    - target: {fileID: 529284446933264707, guid: 35f2032cbf0054b46b09432c7e23f9e2, type: 3}
      propertyPath: m_LocalRotation.z
      value: -0
      objectReference: {fileID: 0}
    - target: {fileID: 529284446933264707, guid: 35f2032cbf0054b46b09432c7e23f9e2, type: 3}
      propertyPath: m_LocalEulerAnglesHint.x
      value: 0
      objectReference: {fileID: 0}
    - target: {fileID: 529284446933264707, guid: 35f2032cbf0054b46b09432c7e23f9e2, type: 3}
      propertyPath: m_LocalEulerAnglesHint.y
      value: 0
      objectReference: {fileID: 0}
    - target: {fileID: 529284446933264707, guid: 35f2032cbf0054b46b09432c7e23f9e2, type: 3}
      propertyPath: m_LocalEulerAnglesHint.z
      value: 0
      objectReference: {fileID: 0}
    m_RemovedComponents: []
  m_SourcePrefab: {fileID: 100100000, guid: 35f2032cbf0054b46b09432c7e23f9e2, type: 3}
--- !u!4 &1429455531 stripped
Transform:
  m_CorrespondingSourceObject: {fileID: 529284446933264707, guid: 35f2032cbf0054b46b09432c7e23f9e2, type: 3}
  m_PrefabInstance: {fileID: 1429455530}
  m_PrefabAsset: {fileID: 0}
--- !u!1 &1504586702 stripped
GameObject:
  m_CorrespondingSourceObject: {fileID: 919132149155446097, guid: b07b4e0a8ea8748169a1744ab2f1c12a, type: 3}
  m_PrefabInstance: {fileID: 534642867}
  m_PrefabAsset: {fileID: 0}
--- !u!114 &1504586703
MonoBehaviour:
  m_ObjectHideFlags: 0
  m_CorrespondingSourceObject: {fileID: 0}
  m_PrefabInstance: {fileID: 0}
  m_PrefabAsset: {fileID: 0}
  m_GameObject: {fileID: 1504586702}
  m_Enabled: 1
  m_EditorHideFlags: 0
  m_Script: {fileID: 11500000, guid: 8d26e224e41bc4cdeaffce37053d8e73, type: 3}
  m_Name: 
  m_EditorClassIdentifier: 
  smallBallMarker: {fileID: 3103226768186808217, guid: 90fe6f4985fb04e17b3679b4a8fba725, type: 3}
  bigBallMarker: {fileID: 3103226768186808217, guid: 29a09501067d84846b5dc797bc6451be, type: 3}
  smallCubeMarker: {fileID: 8261094497551926839, guid: 13fc1d41b180b4629ba1e11eca7cee9e, type: 3}
  bigCubeMarker: {fileID: 8090647789113637924, guid: 8f7ba18147ff94f4c916f52abf282237, type: 3}
  smallCylinderMarker: {fileID: 8261094497551926839, guid: 634f64c734d974e08aa02a866f7c3c11, type: 3}
  bigCylinderMarker: {fileID: 8261094497551926839, guid: 48bffedd9d0d24184bcc2441409242ab, type: 3}
  smallPyramidMarker: {fileID: 2926523656612873969, guid: c60fd9dc25c79413eb239ca6ce73bbf3, type: 3}
  bigPyramidMarker: {fileID: 5415973671899118518, guid: 0b9a9e6d8a758456fbc61a577790a752, type: 3}
  canInstantiate: 1
--- !u!64 &1504586705
MeshCollider:
  m_ObjectHideFlags: 0
  m_CorrespondingSourceObject: {fileID: 0}
  m_PrefabInstance: {fileID: 0}
  m_PrefabAsset: {fileID: 0}
  m_GameObject: {fileID: 1504586702}
  m_Material: {fileID: 0}
  m_IsTrigger: 0
  m_Enabled: 1
  serializedVersion: 4
  m_Convex: 0
  m_CookingOptions: 30
  m_Mesh: {fileID: 3978223836939681779, guid: b07b4e0a8ea8748169a1744ab2f1c12a, type: 3}
--- !u!1 &1642662767
GameObject:
  m_ObjectHideFlags: 0
  m_CorrespondingSourceObject: {fileID: 0}
  m_PrefabInstance: {fileID: 0}
  m_PrefabAsset: {fileID: 0}
  serializedVersion: 6
  m_Component:
  - component: {fileID: 1642662768}
  m_Layer: 0
  m_Name: Environment
  m_TagString: Untagged
  m_Icon: {fileID: 0}
  m_NavMeshLayer: 0
  m_StaticEditorFlags: 0
  m_IsActive: 1
--- !u!4 &1642662768
Transform:
  m_ObjectHideFlags: 0
  m_CorrespondingSourceObject: {fileID: 0}
  m_PrefabInstance: {fileID: 0}
  m_PrefabAsset: {fileID: 0}
  m_GameObject: {fileID: 1642662767}
  m_LocalRotation: {x: 0, y: 0, z: 0, w: 1}
  m_LocalPosition: {x: 0, y: 0, z: 0}
  m_LocalScale: {x: 1, y: 1, z: 1}
  m_Children:
  - {fileID: 365926101}
  - {fileID: 193313784}
  - {fileID: 99800722}
  - {fileID: 388879198}
  - {fileID: 1174116678}
  - {fileID: 697780748}
  - {fileID: 534642868}
  - {fileID: 953319581}
  m_Father: {fileID: 0}
  m_RootOrder: 2
  m_LocalEulerAnglesHint: {x: 0, y: 0, z: 0}
--- !u!1 &1657614898
GameObject:
  m_ObjectHideFlags: 0
  m_CorrespondingSourceObject: {fileID: 0}
  m_PrefabInstance: {fileID: 0}
  m_PrefabAsset: {fileID: 0}
  serializedVersion: 6
  m_Component:
  - component: {fileID: 1657614899}
  m_Layer: 0
  m_Name: WinnerLoser
  m_TagString: Untagged
  m_Icon: {fileID: 0}
  m_NavMeshLayer: 0
  m_StaticEditorFlags: 0
  m_IsActive: 1
--- !u!4 &1657614899
Transform:
  m_ObjectHideFlags: 0
  m_CorrespondingSourceObject: {fileID: 0}
  m_PrefabInstance: {fileID: 0}
  m_PrefabAsset: {fileID: 0}
  m_GameObject: {fileID: 1657614898}
  m_LocalRotation: {x: 0.7071068, y: -0, z: -0, w: 0.7071068}
  m_LocalPosition: {x: 0, y: 0, z: 7.68}
  m_LocalScale: {x: 1, y: 1, z: 1}
  m_Children:
  - {fileID: 1375222776}
  - {fileID: 1375854203}
  m_Father: {fileID: 1243207173}
  m_RootOrder: 1
  m_LocalEulerAnglesHint: {x: 0, y: 0, z: 0}
--- !u!1001 &1774176823
PrefabInstance:
  m_ObjectHideFlags: 0
  serializedVersion: 2
  m_Modification:
    m_TransformParent: {fileID: 365926101}
    m_Modifications:
    - target: {fileID: 529284446933264706, guid: 35f2032cbf0054b46b09432c7e23f9e2, type: 3}
      propertyPath: m_Name
      value: bigSphere 2
      objectReference: {fileID: 0}
    - target: {fileID: 529284446933264707, guid: 35f2032cbf0054b46b09432c7e23f9e2, type: 3}
      propertyPath: m_RootOrder
      value: 4
      objectReference: {fileID: 0}
    - target: {fileID: 529284446933264707, guid: 35f2032cbf0054b46b09432c7e23f9e2, type: 3}
      propertyPath: m_LocalPosition.x
      value: -2.47
      objectReference: {fileID: 0}
    - target: {fileID: 529284446933264707, guid: 35f2032cbf0054b46b09432c7e23f9e2, type: 3}
      propertyPath: m_LocalPosition.y
      value: -4.69
      objectReference: {fileID: 0}
    - target: {fileID: 529284446933264707, guid: 35f2032cbf0054b46b09432c7e23f9e2, type: 3}
      propertyPath: m_LocalPosition.z
      value: -9.3
      objectReference: {fileID: 0}
    - target: {fileID: 529284446933264707, guid: 35f2032cbf0054b46b09432c7e23f9e2, type: 3}
      propertyPath: m_LocalRotation.w
      value: 1
      objectReference: {fileID: 0}
    - target: {fileID: 529284446933264707, guid: 35f2032cbf0054b46b09432c7e23f9e2, type: 3}
      propertyPath: m_LocalRotation.x
      value: -0
      objectReference: {fileID: 0}
    - target: {fileID: 529284446933264707, guid: 35f2032cbf0054b46b09432c7e23f9e2, type: 3}
      propertyPath: m_LocalRotation.y
      value: -0
      objectReference: {fileID: 0}
    - target: {fileID: 529284446933264707, guid: 35f2032cbf0054b46b09432c7e23f9e2, type: 3}
      propertyPath: m_LocalRotation.z
      value: -0
      objectReference: {fileID: 0}
    - target: {fileID: 529284446933264707, guid: 35f2032cbf0054b46b09432c7e23f9e2, type: 3}
      propertyPath: m_LocalEulerAnglesHint.x
      value: 0
      objectReference: {fileID: 0}
    - target: {fileID: 529284446933264707, guid: 35f2032cbf0054b46b09432c7e23f9e2, type: 3}
      propertyPath: m_LocalEulerAnglesHint.y
      value: 0
      objectReference: {fileID: 0}
    - target: {fileID: 529284446933264707, guid: 35f2032cbf0054b46b09432c7e23f9e2, type: 3}
      propertyPath: m_LocalEulerAnglesHint.z
      value: 0
      objectReference: {fileID: 0}
    m_RemovedComponents: []
  m_SourcePrefab: {fileID: 100100000, guid: 35f2032cbf0054b46b09432c7e23f9e2, type: 3}
--- !u!4 &1774176824 stripped
Transform:
  m_CorrespondingSourceObject: {fileID: 529284446933264707, guid: 35f2032cbf0054b46b09432c7e23f9e2, type: 3}
  m_PrefabInstance: {fileID: 1774176823}
  m_PrefabAsset: {fileID: 0}
--- !u!1001 &1967383109
PrefabInstance:
  m_ObjectHideFlags: 0
  serializedVersion: 2
  m_Modification:
    m_TransformParent: {fileID: 365926101}
    m_Modifications:
    - target: {fileID: 3559382872860456432, guid: 8438cae352a274e939355da012fb2a48, type: 3}
      propertyPath: m_Name
      value: smallSphere 2
      objectReference: {fileID: 0}
    - target: {fileID: 3559382872860456433, guid: 8438cae352a274e939355da012fb2a48, type: 3}
      propertyPath: m_RootOrder
      value: 1
      objectReference: {fileID: 0}
    - target: {fileID: 3559382872860456433, guid: 8438cae352a274e939355da012fb2a48, type: 3}
      propertyPath: m_LocalPosition.x
      value: 0
      objectReference: {fileID: 0}
    - target: {fileID: 3559382872860456433, guid: 8438cae352a274e939355da012fb2a48, type: 3}
      propertyPath: m_LocalPosition.y
      value: 2.24
      objectReference: {fileID: 0}
    - target: {fileID: 3559382872860456433, guid: 8438cae352a274e939355da012fb2a48, type: 3}
      propertyPath: m_LocalPosition.z
      value: 3.15
      objectReference: {fileID: 0}
    - target: {fileID: 3559382872860456433, guid: 8438cae352a274e939355da012fb2a48, type: 3}
      propertyPath: m_LocalRotation.w
      value: 1
      objectReference: {fileID: 0}
    - target: {fileID: 3559382872860456433, guid: 8438cae352a274e939355da012fb2a48, type: 3}
      propertyPath: m_LocalRotation.x
      value: -0
      objectReference: {fileID: 0}
    - target: {fileID: 3559382872860456433, guid: 8438cae352a274e939355da012fb2a48, type: 3}
      propertyPath: m_LocalRotation.y
      value: -0
      objectReference: {fileID: 0}
    - target: {fileID: 3559382872860456433, guid: 8438cae352a274e939355da012fb2a48, type: 3}
      propertyPath: m_LocalRotation.z
      value: -0
      objectReference: {fileID: 0}
    - target: {fileID: 3559382872860456433, guid: 8438cae352a274e939355da012fb2a48, type: 3}
      propertyPath: m_LocalEulerAnglesHint.x
      value: 0
      objectReference: {fileID: 0}
    - target: {fileID: 3559382872860456433, guid: 8438cae352a274e939355da012fb2a48, type: 3}
      propertyPath: m_LocalEulerAnglesHint.y
      value: 0
      objectReference: {fileID: 0}
    - target: {fileID: 3559382872860456433, guid: 8438cae352a274e939355da012fb2a48, type: 3}
      propertyPath: m_LocalEulerAnglesHint.z
      value: 0
      objectReference: {fileID: 0}
    m_RemovedComponents: []
  m_SourcePrefab: {fileID: 100100000, guid: 8438cae352a274e939355da012fb2a48, type: 3}
--- !u!1001 &1973469552
PrefabInstance:
  m_ObjectHideFlags: 0
  serializedVersion: 2
  m_Modification:
    m_TransformParent: {fileID: 365926101}
    m_Modifications:
    - target: {fileID: 3559382872860456432, guid: 8438cae352a274e939355da012fb2a48, type: 3}
      propertyPath: m_Name
      value: smallSphere 1
      objectReference: {fileID: 0}
    - target: {fileID: 3559382872860456433, guid: 8438cae352a274e939355da012fb2a48, type: 3}
      propertyPath: m_RootOrder
      value: 0
      objectReference: {fileID: 0}
    - target: {fileID: 3559382872860456433, guid: 8438cae352a274e939355da012fb2a48, type: 3}
      propertyPath: m_LocalPosition.x
      value: -1.888
      objectReference: {fileID: 0}
    - target: {fileID: 3559382872860456433, guid: 8438cae352a274e939355da012fb2a48, type: 3}
      propertyPath: m_LocalPosition.y
      value: 1.892
      objectReference: {fileID: 0}
    - target: {fileID: 3559382872860456433, guid: 8438cae352a274e939355da012fb2a48, type: 3}
      propertyPath: m_LocalPosition.z
      value: 6.941
      objectReference: {fileID: 0}
    - target: {fileID: 3559382872860456433, guid: 8438cae352a274e939355da012fb2a48, type: 3}
      propertyPath: m_LocalRotation.w
      value: 1
      objectReference: {fileID: 0}
    - target: {fileID: 3559382872860456433, guid: 8438cae352a274e939355da012fb2a48, type: 3}
      propertyPath: m_LocalRotation.x
      value: -0
      objectReference: {fileID: 0}
    - target: {fileID: 3559382872860456433, guid: 8438cae352a274e939355da012fb2a48, type: 3}
      propertyPath: m_LocalRotation.y
      value: -0
      objectReference: {fileID: 0}
    - target: {fileID: 3559382872860456433, guid: 8438cae352a274e939355da012fb2a48, type: 3}
      propertyPath: m_LocalRotation.z
      value: -0
      objectReference: {fileID: 0}
    - target: {fileID: 3559382872860456433, guid: 8438cae352a274e939355da012fb2a48, type: 3}
      propertyPath: m_LocalEulerAnglesHint.x
      value: 0
      objectReference: {fileID: 0}
    - target: {fileID: 3559382872860456433, guid: 8438cae352a274e939355da012fb2a48, type: 3}
      propertyPath: m_LocalEulerAnglesHint.y
      value: 0
      objectReference: {fileID: 0}
    - target: {fileID: 3559382872860456433, guid: 8438cae352a274e939355da012fb2a48, type: 3}
      propertyPath: m_LocalEulerAnglesHint.z
      value: 0
      objectReference: {fileID: 0}
    - target: {fileID: 6459344095060037668, guid: 8438cae352a274e939355da012fb2a48, type: 3}
      propertyPath: OutputAudioMixerGroup
      value: 
      objectReference: {fileID: 24300001, guid: 1dd706bb85d8aef4e83a6229dbd62c36, type: 2}
    m_RemovedComponents: []
  m_SourcePrefab: {fileID: 100100000, guid: 8438cae352a274e939355da012fb2a48, type: 3}
--- !u!4 &2031070256 stripped
Transform:
  m_CorrespondingSourceObject: {fileID: 3559382872860456433, guid: 8438cae352a274e939355da012fb2a48, type: 3}
  m_PrefabInstance: {fileID: 1967383109}
  m_PrefabAsset: {fileID: 0}
--- !u!1 &2080585535
GameObject:
  m_ObjectHideFlags: 0
  m_CorrespondingSourceObject: {fileID: 0}
  m_PrefabInstance: {fileID: 0}
  m_PrefabAsset: {fileID: 0}
  serializedVersion: 6
  m_Component:
  - component: {fileID: 2080585536}
  - component: {fileID: 2080585541}
  - component: {fileID: 2080585540}
  - component: {fileID: 2080585539}
  - component: {fileID: 2080585538}
  - component: {fileID: 2080585537}
  m_Layer: 5
  m_Name: UIStickyCanvas
  m_TagString: Untagged
  m_Icon: {fileID: 0}
  m_NavMeshLayer: 0
  m_StaticEditorFlags: 0
  m_IsActive: 1
--- !u!224 &2080585536
RectTransform:
  m_ObjectHideFlags: 0
  m_CorrespondingSourceObject: {fileID: 0}
  m_PrefabInstance: {fileID: 0}
  m_PrefabAsset: {fileID: 0}
  m_GameObject: {fileID: 2080585535}
  m_LocalRotation: {x: -0, y: -0, z: -0, w: 1}
  m_LocalPosition: {x: 0, y: 0, z: 3}
  m_LocalScale: {x: 0.0021, y: 0.0021, z: 0.0021}
  m_Children:
  - {fileID: 1063399199}
  - {fileID: 228867763}
  - {fileID: 198737099}
  - {fileID: 645722785}
  m_Father: {fileID: 0}
  m_RootOrder: 3
  m_LocalEulerAnglesHint: {x: 0, y: 0, z: 0}
  m_AnchorMin: {x: 0, y: 0}
  m_AnchorMax: {x: 0, y: 0}
  m_AnchoredPosition: {x: 0, y: -1.28}
  m_SizeDelta: {x: 1200, y: 600}
  m_Pivot: {x: 0.5, y: 0.5}
--- !u!114 &2080585537
MonoBehaviour:
  m_ObjectHideFlags: 0
  m_CorrespondingSourceObject: {fileID: 0}
  m_PrefabInstance: {fileID: 0}
  m_PrefabAsset: {fileID: 0}
  m_GameObject: {fileID: 2080585535}
  m_Enabled: 1
  m_EditorHideFlags: 0
  m_Script: {fileID: 11500000, guid: 98ed1aad8dca344d49810b9deffa59f0, type: 3}
  m_Name: 
  m_EditorClassIdentifier: 
  buttonPrefab: {fileID: 224949956480874824, guid: c2cea03af3e3142139b8bd5da94ed217, type: 3}
  labelPrefab: {fileID: 224113878955223432, guid: e649db6b8c17d427d8860039e7199273, type: 3}
  sliderPrefab: {fileID: 224231512797991306, guid: d91b1660f07854101b6f56ad22710b94, type: 3}
  dividerPrefab: {fileID: 224381450234172052, guid: 70f61831062f04021a1e0aeecff90d0a, type: 3}
  togglePrefab: {fileID: 224432059304816160, guid: d35955c957db64abd8d1f72c974539df, type: 3}
  radioPrefab: {fileID: 224432059304816160, guid: cdbb0959f1cb8419182027b6b0d190eb, type: 3}
  textPrefab: {fileID: 224949956480874824, guid: c223024edcfca4de7bd0ebcdf50815d0, type: 3}
  uiHelpersToInstantiate: {fileID: 1732808951507650, guid: a9d2de84afb308a4796cc671d3432b4d, type: 3}
  targetContentPanels:
  - {fileID: 1063399199}
  - {fileID: 198737099}
  - {fileID: 645722785}
  toEnable: []
  toDisable: []
  laserBeamBehavior: 2
--- !u!114 &2080585538
MonoBehaviour:
  m_ObjectHideFlags: 0
  m_CorrespondingSourceObject: {fileID: 0}
  m_PrefabInstance: {fileID: 0}
  m_PrefabAsset: {fileID: 0}
  m_GameObject: {fileID: 2080585535}
  m_Enabled: 1
  m_EditorHideFlags: 0
  m_Script: {fileID: 11500000, guid: 7aaf960227867044282d921171d2d7ac, type: 3}
  m_Name: 
  m_EditorClassIdentifier: 
  m_IgnoreReversedGraphics: 1
  m_BlockingObjects: 0
  m_BlockingMask:
    serializedVersion: 2
    m_Bits: 4294967295
  pointer: {fileID: 0}
  sortOrder: 0
--- !u!114 &2080585539
MonoBehaviour:
  m_ObjectHideFlags: 0
  m_CorrespondingSourceObject: {fileID: 0}
  m_PrefabInstance: {fileID: 0}
  m_PrefabAsset: {fileID: 0}
  m_GameObject: {fileID: 2080585535}
  m_Enabled: 0
  m_EditorHideFlags: 0
  m_Script: {fileID: 11500000, guid: dc42784cf147c0c48a680349fa168899, type: 3}
  m_Name: 
  m_EditorClassIdentifier: 
  m_IgnoreReversedGraphics: 1
  m_BlockingObjects: 0
  m_BlockingMask:
    serializedVersion: 2
    m_Bits: 4294967295
--- !u!114 &2080585540
MonoBehaviour:
  m_ObjectHideFlags: 0
  m_CorrespondingSourceObject: {fileID: 0}
  m_PrefabInstance: {fileID: 0}
  m_PrefabAsset: {fileID: 0}
  m_GameObject: {fileID: 2080585535}
  m_Enabled: 1
  m_EditorHideFlags: 0
  m_Script: {fileID: 11500000, guid: 0cd44c1031e13a943bb63640046fad76, type: 3}
  m_Name: 
  m_EditorClassIdentifier: 
  m_UiScaleMode: 0
  m_ReferencePixelsPerUnit: 100
  m_ScaleFactor: 1
  m_ReferenceResolution: {x: 800, y: 600}
  m_ScreenMatchMode: 0
  m_MatchWidthOrHeight: 0
  m_PhysicalUnit: 3
  m_FallbackScreenDPI: 96
  m_DefaultSpriteDPI: 96
  m_DynamicPixelsPerUnit: 1
  m_PresetInfoIsWorld: 1
--- !u!223 &2080585541
Canvas:
  m_ObjectHideFlags: 0
  m_CorrespondingSourceObject: {fileID: 0}
  m_PrefabInstance: {fileID: 0}
  m_PrefabAsset: {fileID: 0}
  m_GameObject: {fileID: 2080585535}
  m_Enabled: 1
  serializedVersion: 3
  m_RenderMode: 2
  m_Camera: {fileID: 0}
  m_PlaneDistance: 100
  m_PixelPerfect: 0
  m_ReceivesEvents: 1
  m_OverrideSorting: 0
  m_OverridePixelPerfect: 0
  m_SortingBucketNormalizedSize: 0
  m_AdditionalShaderChannelsFlag: 0
  m_SortingLayerID: 0
  m_SortingOrder: 0
  m_TargetDisplay: 0
--- !u!1001 &6363809596567564492
PrefabInstance:
  m_ObjectHideFlags: 0
  serializedVersion: 2
  m_Modification:
    m_TransformParent: {fileID: 1642662768}
    m_Modifications:
    - target: {fileID: 6363809596478547545, guid: 23041ff506eb64b14b078b9cda8d146d, type: 3}
      propertyPath: m_Materials.Array.data[0]
      value: 
      objectReference: {fileID: 2100000, guid: 94c86bfa7009649fda8b590147f2eea8, type: 2}
    - target: {fileID: 6363809596478547549, guid: 23041ff506eb64b14b078b9cda8d146d, type: 3}
      propertyPath: m_Name
      value: Platform-sphere
      objectReference: {fileID: 0}
    - target: {fileID: 6363809596478547550, guid: 23041ff506eb64b14b078b9cda8d146d, type: 3}
      propertyPath: m_RootOrder
      value: 2
      objectReference: {fileID: 0}
    - target: {fileID: 6363809596478547550, guid: 23041ff506eb64b14b078b9cda8d146d, type: 3}
      propertyPath: m_LocalPosition.x
      value: 0
      objectReference: {fileID: 0}
    - target: {fileID: 6363809596478547550, guid: 23041ff506eb64b14b078b9cda8d146d, type: 3}
      propertyPath: m_LocalPosition.y
      value: -2.6
      objectReference: {fileID: 0}
    - target: {fileID: 6363809596478547550, guid: 23041ff506eb64b14b078b9cda8d146d, type: 3}
      propertyPath: m_LocalPosition.z
      value: 0
      objectReference: {fileID: 0}
    - target: {fileID: 6363809596478547550, guid: 23041ff506eb64b14b078b9cda8d146d, type: 3}
      propertyPath: m_LocalRotation.w
      value: 1
      objectReference: {fileID: 0}
    - target: {fileID: 6363809596478547550, guid: 23041ff506eb64b14b078b9cda8d146d, type: 3}
      propertyPath: m_LocalRotation.x
      value: 0
      objectReference: {fileID: 0}
    - target: {fileID: 6363809596478547550, guid: 23041ff506eb64b14b078b9cda8d146d, type: 3}
      propertyPath: m_LocalRotation.y
      value: 0
      objectReference: {fileID: 0}
    - target: {fileID: 6363809596478547550, guid: 23041ff506eb64b14b078b9cda8d146d, type: 3}
      propertyPath: m_LocalRotation.z
      value: 0
      objectReference: {fileID: 0}
    - target: {fileID: 6363809596478547550, guid: 23041ff506eb64b14b078b9cda8d146d, type: 3}
      propertyPath: m_LocalEulerAnglesHint.x
      value: 0
      objectReference: {fileID: 0}
    - target: {fileID: 6363809596478547550, guid: 23041ff506eb64b14b078b9cda8d146d, type: 3}
      propertyPath: m_LocalEulerAnglesHint.y
      value: 0
      objectReference: {fileID: 0}
    - target: {fileID: 6363809596478547550, guid: 23041ff506eb64b14b078b9cda8d146d, type: 3}
      propertyPath: m_LocalEulerAnglesHint.z
      value: 0
      objectReference: {fileID: 0}
    m_RemovedComponents: []
  m_SourcePrefab: {fileID: 100100000, guid: 23041ff506eb64b14b078b9cda8d146d, type: 3}
--- !u!1001 &9047211959745637437
PrefabInstance:
  m_ObjectHideFlags: 0
  serializedVersion: 2
  m_Modification:
    m_TransformParent: {fileID: 0}
    m_Modifications:
    - target: {fileID: 9047211958822565116, guid: 96a88e34746104464b273507e75e9817, type: 3}
      propertyPath: m_Name
      value: StickyGameManager
      objectReference: {fileID: 0}
    - target: {fileID: 9047211958822565116, guid: 96a88e34746104464b273507e75e9817, type: 3}
      propertyPath: m_IsActive
      value: 1
      objectReference: {fileID: 0}
    - target: {fileID: 9047211958822565118, guid: 96a88e34746104464b273507e75e9817, type: 3}
      propertyPath: m_RootOrder
      value: 1
      objectReference: {fileID: 0}
    - target: {fileID: 9047211958822565118, guid: 96a88e34746104464b273507e75e9817, type: 3}
      propertyPath: m_LocalPosition.x
      value: 1.4391325
      objectReference: {fileID: 0}
    - target: {fileID: 9047211958822565118, guid: 96a88e34746104464b273507e75e9817, type: 3}
      propertyPath: m_LocalPosition.y
      value: 2.6154845
      objectReference: {fileID: 0}
    - target: {fileID: 9047211958822565118, guid: 96a88e34746104464b273507e75e9817, type: 3}
      propertyPath: m_LocalPosition.z
      value: -0.4591074
      objectReference: {fileID: 0}
    - target: {fileID: 9047211958822565118, guid: 96a88e34746104464b273507e75e9817, type: 3}
      propertyPath: m_LocalRotation.w
      value: 1
      objectReference: {fileID: 0}
    - target: {fileID: 9047211958822565118, guid: 96a88e34746104464b273507e75e9817, type: 3}
      propertyPath: m_LocalRotation.x
      value: 0
      objectReference: {fileID: 0}
    - target: {fileID: 9047211958822565118, guid: 96a88e34746104464b273507e75e9817, type: 3}
      propertyPath: m_LocalRotation.y
      value: 0
      objectReference: {fileID: 0}
    - target: {fileID: 9047211958822565118, guid: 96a88e34746104464b273507e75e9817, type: 3}
      propertyPath: m_LocalRotation.z
      value: 0
      objectReference: {fileID: 0}
    - target: {fileID: 9047211958822565118, guid: 96a88e34746104464b273507e75e9817, type: 3}
      propertyPath: m_LocalEulerAnglesHint.x
      value: 0
      objectReference: {fileID: 0}
    - target: {fileID: 9047211958822565118, guid: 96a88e34746104464b273507e75e9817, type: 3}
      propertyPath: m_LocalEulerAnglesHint.y
      value: 0
      objectReference: {fileID: 0}
    - target: {fileID: 9047211958822565118, guid: 96a88e34746104464b273507e75e9817, type: 3}
      propertyPath: m_LocalEulerAnglesHint.z
      value: 0
      objectReference: {fileID: 0}
    - target: {fileID: 9047211958822565119, guid: 96a88e34746104464b273507e75e9817, type: 3}
      propertyPath: WinPlane
      value: 
      objectReference: {fileID: 1375854202}
    - target: {fileID: 9047211958822565119, guid: 96a88e34746104464b273507e75e9817, type: 3}
      propertyPath: LosePlane
      value: 
      objectReference: {fileID: 1375222775}
    - target: {fileID: 9047211958822565119, guid: 96a88e34746104464b273507e75e9817, type: 3}
      propertyPath: m_Enabled
      value: 1
      objectReference: {fileID: 0}
    - target: {fileID: 9047211958822565119, guid: 96a88e34746104464b273507e75e9817, type: 3}
      propertyPath: winningScore
      value: 30
      objectReference: {fileID: 0}
    - target: {fileID: 9047211958822565119, guid: 96a88e34746104464b273507e75e9817, type: 3}
      propertyPath: lostBallPenalty
      value: 10
      objectReference: {fileID: 0}
    - target: {fileID: 9047211958822565119, guid: 96a88e34746104464b273507e75e9817, type: 3}
      propertyPath: ThrowablesHierarchy
      value: 
      objectReference: {fileID: 365926100}
    m_RemovedComponents: []
  m_SourcePrefab: {fileID: 100100000, guid: 96a88e34746104464b273507e75e9817, type: 3}
