%YAML 1.1
%TAG !u! tag:unity3d.com,2011:
--- !u!29 &1
OcclusionCullingSettings:
  m_ObjectHideFlags: 0
  serializedVersion: 2
  m_OcclusionBakeSettings:
    smallestOccluder: 5
    smallestHole: 0.25
    backfaceThreshold: 100
  m_SceneGUID: 00000000000000000000000000000000
  m_OcclusionCullingData: {fileID: 0}
--- !u!104 &2
RenderSettings:
  m_ObjectHideFlags: 0
  serializedVersion: 9
  m_Fog: 0
  m_FogColor: {r: 0.5, g: 0.5, b: 0.5, a: 1}
  m_FogMode: 3
  m_FogDensity: 0.01
  m_LinearFogStart: 0
  m_LinearFogEnd: 300
  m_AmbientSkyColor: {r: 0.212, g: 0.227, b: 0.259, a: 1}
  m_AmbientEquatorColor: {r: 0.114, g: 0.125, b: 0.133, a: 1}
  m_AmbientGroundColor: {r: 0.047, g: 0.043, b: 0.035, a: 1}
  m_AmbientIntensity: 0
  m_AmbientMode: 0
  m_SubtractiveShadowColor: {r: 0.42, g: 0.478, b: 0.627, a: 1}
  m_SkyboxMaterial: {fileID: 2100000, guid: b2300f96953024673b37d7a6a78dc0c4, type: 2}
  m_HaloStrength: 0.5
  m_FlareStrength: 1
  m_FlareFadeSpeed: 3
  m_HaloTexture: {fileID: 0}
  m_SpotCookie: {fileID: 10001, guid: 0000000000000000e000000000000000, type: 0}
  m_DefaultReflectionMode: 0
  m_DefaultReflectionResolution: 128
  m_ReflectionBounces: 1
  m_ReflectionIntensity: 1
  m_CustomReflection: {fileID: 0}
  m_Sun: {fileID: 0}
  m_IndirectSpecularColor: {r: 0.23357561, g: 0.23114115, b: 0.22527634, a: 1}
  m_UseRadianceAmbientProbe: 0
--- !u!157 &3
LightmapSettings:
  m_ObjectHideFlags: 0
  serializedVersion: 12
  m_GIWorkflowMode: 0
  m_GISettings:
    serializedVersion: 2
    m_BounceScale: 1
    m_IndirectOutputScale: 1
    m_AlbedoBoost: 1
    m_EnvironmentLightingMode: 0
    m_EnableBakedLightmaps: 1
    m_EnableRealtimeLightmaps: 1
  m_LightmapEditorSettings:
    serializedVersion: 12
    m_Resolution: 2
    m_BakeResolution: 40
    m_AtlasSize: 1024
    m_AO: 0
    m_AOMaxDistance: 1
    m_CompAOExponent: 1
    m_CompAOExponentDirect: 0
    m_ExtractAmbientOcclusion: 0
    m_Padding: 2
    m_LightmapParameters: {fileID: 0}
    m_LightmapsBakeMode: 1
    m_TextureCompression: 1
    m_FinalGather: 0
    m_FinalGatherFiltering: 1
    m_FinalGatherRayCount: 256
    m_ReflectionCompression: 2
    m_MixedBakeMode: 2
    m_BakeBackend: 0
    m_PVRSampling: 1
    m_PVRDirectSampleCount: 32
    m_PVRSampleCount: 500
    m_PVRBounces: 2
    m_PVREnvironmentSampleCount: 500
    m_PVREnvironmentReferencePointCount: 2048
    m_PVRFilteringMode: 2
    m_PVRDenoiserTypeDirect: 0
    m_PVRDenoiserTypeIndirect: 0
    m_PVRDenoiserTypeAO: 0
    m_PVRFilterTypeDirect: 0
    m_PVRFilterTypeIndirect: 0
    m_PVRFilterTypeAO: 0
    m_PVREnvironmentMIS: 0
    m_PVRCulling: 1
    m_PVRFilteringGaussRadiusDirect: 1
    m_PVRFilteringGaussRadiusIndirect: 5
    m_PVRFilteringGaussRadiusAO: 2
    m_PVRFilteringAtrousPositionSigmaDirect: 0.5
    m_PVRFilteringAtrousPositionSigmaIndirect: 2
    m_PVRFilteringAtrousPositionSigmaAO: 1
    m_ExportTrainingData: 0
    m_TrainingDataDestination: TrainingData
    m_LightProbeSampleCountMultiplier: 4
  m_LightingDataAsset: {fileID: 0}
  m_LightingSettings: {fileID: 4890085278179872738, guid: a73bd5c3473ef41d2aba14048a63110d, type: 2}
--- !u!196 &4
NavMeshSettings:
  serializedVersion: 2
  m_ObjectHideFlags: 0
  m_BuildSettings:
    serializedVersion: 2
    agentTypeID: 0
    agentRadius: 0.5
    agentHeight: 2
    agentSlope: 45
    agentClimb: 0.4
    ledgeDropHeight: 0
    maxJumpAcrossDistance: 0
    minRegionArea: 2
    manualCellSize: 0
    cellSize: 0.16666667
    manualTileSize: 0
    tileSize: 256
    accuratePlacement: 0
    maxJobWorkers: 0
    preserveTilesOutsideBounds: 0
    debug:
      m_Flags: 0
  m_NavMeshData: {fileID: 0}
--- !u!1 &114353040
GameObject:
  m_ObjectHideFlags: 0
  m_CorrespondingSourceObject: {fileID: 0}
  m_PrefabInstance: {fileID: 0}
  m_PrefabAsset: {fileID: 0}
  serializedVersion: 6
  m_Component:
  - component: {fileID: 114353042}
  - component: {fileID: 114353041}
  m_Layer: 0
  m_Name: Directional Light (1)
  m_TagString: Untagged
  m_Icon: {fileID: 0}
  m_NavMeshLayer: 0
  m_StaticEditorFlags: 0
  m_IsActive: 1
--- !u!108 &114353041
Light:
  m_ObjectHideFlags: 0
  m_CorrespondingSourceObject: {fileID: 0}
  m_PrefabInstance: {fileID: 0}
  m_PrefabAsset: {fileID: 0}
  m_GameObject: {fileID: 114353040}
  m_Enabled: 1
  serializedVersion: 10
  m_Type: 1
  m_Shape: 0
  m_Color: {r: 1, g: 0.95686275, b: 0.8392157, a: 1}
  m_Intensity: 1
  m_Range: 10
  m_SpotAngle: 30
  m_InnerSpotAngle: 21.802082
  m_CookieSize: 10
  m_Shadows:
    m_Type: 2
    m_Resolution: -1
    m_CustomResolution: -1
    m_Strength: 1
    m_Bias: 0.05
    m_NormalBias: 0.4
    m_NearPlane: 0.2
    m_CullingMatrixOverride:
      e00: 1
      e01: 0
      e02: 0
      e03: 0
      e10: 0
      e11: 1
      e12: 0
      e13: 0
      e20: 0
      e21: 0
      e22: 1
      e23: 0
      e30: 0
      e31: 0
      e32: 0
      e33: 1
    m_UseCullingMatrixOverride: 0
  m_Cookie: {fileID: 0}
  m_DrawHalo: 0
  m_Flare: {fileID: 0}
  m_RenderMode: 0
  m_CullingMask:
    serializedVersion: 2
    m_Bits: 4294967295
  m_RenderingLayerMask: 1
  m_Lightmapping: 4
  m_LightShadowCasterMode: 0
  m_AreaSize: {x: 1, y: 1}
  m_BounceIntensity: 1
  m_ColorTemperature: 6570
  m_UseColorTemperature: 0
  m_BoundingSphereOverride: {x: 0, y: 0, z: 0, w: 0}
  m_UseBoundingSphereOverride: 0
  m_ShadowRadius: 0
  m_ShadowAngle: 0
--- !u!4 &114353042
Transform:
  m_ObjectHideFlags: 0
  m_CorrespondingSourceObject: {fileID: 0}
  m_PrefabInstance: {fileID: 0}
  m_PrefabAsset: {fileID: 0}
  m_GameObject: {fileID: 114353040}
  m_LocalRotation: {x: 0.40821788, y: -0.23456968, z: 0.10938163, w: 0.8754261}
  m_LocalPosition: {x: -14, y: 100, z: -4}
  m_LocalScale: {x: 1, y: 1, z: 1}
  m_Children: []
  m_Father: {fileID: 0}
  m_RootOrder: 0
  m_LocalEulerAnglesHint: {x: 50, y: -30, z: 0}
--- !u!1 &116047284
GameObject:
  m_ObjectHideFlags: 0
  m_CorrespondingSourceObject: {fileID: 0}
  m_PrefabInstance: {fileID: 0}
  m_PrefabAsset: {fileID: 0}
  serializedVersion: 6
  m_Component:
  - component: {fileID: 116047286}
  - component: {fileID: 116047285}
  m_Layer: 0
  m_Name: Directional Light
  m_TagString: Untagged
  m_Icon: {fileID: 0}
  m_NavMeshLayer: 0
  m_StaticEditorFlags: 0
  m_IsActive: 1
--- !u!108 &116047285
Light:
  m_ObjectHideFlags: 0
  m_CorrespondingSourceObject: {fileID: 0}
  m_PrefabInstance: {fileID: 0}
  m_PrefabAsset: {fileID: 0}
  m_GameObject: {fileID: 116047284}
  m_Enabled: 1
  serializedVersion: 10
  m_Type: 1
  m_Shape: 0
  m_Color: {r: 1, g: 0.95686275, b: 0.8392157, a: 1}
  m_Intensity: 1
  m_Range: 10
  m_SpotAngle: 30
  m_InnerSpotAngle: 21.802082
  m_CookieSize: 10
  m_Shadows:
    m_Type: 2
    m_Resolution: -1
    m_CustomResolution: -1
    m_Strength: 1
    m_Bias: 0.05
    m_NormalBias: 0.4
    m_NearPlane: 0.2
    m_CullingMatrixOverride:
      e00: 1
      e01: 0
      e02: 0
      e03: 0
      e10: 0
      e11: 1
      e12: 0
      e13: 0
      e20: 0
      e21: 0
      e22: 1
      e23: 0
      e30: 0
      e31: 0
      e32: 0
      e33: 1
    m_UseCullingMatrixOverride: 0
  m_Cookie: {fileID: 0}
  m_DrawHalo: 0
  m_Flare: {fileID: 0}
  m_RenderMode: 0
  m_CullingMask:
    serializedVersion: 2
    m_Bits: 4294967295
  m_RenderingLayerMask: 1
  m_Lightmapping: 4
  m_LightShadowCasterMode: 0
  m_AreaSize: {x: 1, y: 1}
  m_BounceIntensity: 1
  m_ColorTemperature: 6570
  m_UseColorTemperature: 0
  m_BoundingSphereOverride: {x: 0, y: 0, z: 0, w: 0}
  m_UseBoundingSphereOverride: 0
  m_ShadowRadius: 0
  m_ShadowAngle: 0
--- !u!4 &116047286
Transform:
  m_ObjectHideFlags: 0
  m_CorrespondingSourceObject: {fileID: 0}
  m_PrefabInstance: {fileID: 0}
  m_PrefabAsset: {fileID: 0}
  m_GameObject: {fileID: 116047284}
  m_LocalRotation: {x: 0.9330127, y: -0.066987306, z: 0.24999997, w: 0.25000006}
  m_LocalPosition: {x: -4, y: 100, z: -4}
  m_LocalScale: {x: 1, y: 1, z: 1}
  m_Children: []
  m_Father: {fileID: 0}
  m_RootOrder: 1
  m_LocalEulerAnglesHint: {x: 150, y: -30, z: 0}
--- !u!1 &193313783
GameObject:
  m_ObjectHideFlags: 0
  m_CorrespondingSourceObject: {fileID: 0}
  m_PrefabInstance: {fileID: 0}
  m_PrefabAsset: {fileID: 0}
  serializedVersion: 6
  m_Component:
  - component: {fileID: 193313784}
  - component: {fileID: 193313787}
  - component: {fileID: 193313786}
  - component: {fileID: 193313785}
  m_Layer: 0
  m_Name: FallZone
  m_TagString: StopAttraction
  m_Icon: {fileID: 0}
  m_NavMeshLayer: 0
  m_StaticEditorFlags: 0
  m_IsActive: 1
--- !u!4 &193313784
Transform:
  m_ObjectHideFlags: 0
  m_CorrespondingSourceObject: {fileID: 0}
  m_PrefabInstance: {fileID: 0}
  m_PrefabAsset: {fileID: 0}
  m_GameObject: {fileID: 193313783}
  m_LocalRotation: {x: -0, y: -0, z: -0, w: 1}
  m_LocalPosition: {x: 0, y: -1.5350001, z: 0}
  m_LocalScale: {x: 2, y: 2.33, z: 2}
  m_Children: []
  m_Father: {fileID: 1642662768}
  m_RootOrder: 2
  m_LocalEulerAnglesHint: {x: 0, y: 0, z: 0}
--- !u!64 &193313785
MeshCollider:
  m_ObjectHideFlags: 0
  m_CorrespondingSourceObject: {fileID: 0}
  m_PrefabInstance: {fileID: 0}
  m_PrefabAsset: {fileID: 0}
  m_GameObject: {fileID: 193313783}
  m_Material: {fileID: 0}
  m_IsTrigger: 1
  m_Enabled: 1
  serializedVersion: 4
  m_Convex: 1
  m_CookingOptions: 30
  m_Mesh: {fileID: 10206, guid: 0000000000000000e000000000000000, type: 0}
--- !u!23 &193313786
MeshRenderer:
  m_ObjectHideFlags: 0
  m_CorrespondingSourceObject: {fileID: 0}
  m_PrefabInstance: {fileID: 0}
  m_PrefabAsset: {fileID: 0}
  m_GameObject: {fileID: 193313783}
  m_Enabled: 0
  m_CastShadows: 1
  m_ReceiveShadows: 1
  m_DynamicOccludee: 1
  m_MotionVectors: 1
  m_LightProbeUsage: 1
  m_ReflectionProbeUsage: 1
  m_RayTracingMode: 2
  m_RayTraceProcedural: 0
  m_RenderingLayerMask: 1
  m_RendererPriority: 0
  m_Materials:
  - {fileID: 2100000, guid: d0dde4c7a4c684c0fbee711415dd3aa3, type: 2}
  m_StaticBatchInfo:
    firstSubMesh: 0
    subMeshCount: 0
  m_StaticBatchRoot: {fileID: 0}
  m_ProbeAnchor: {fileID: 0}
  m_LightProbeVolumeOverride: {fileID: 0}
  m_ScaleInLightmap: 1
  m_ReceiveGI: 1
  m_PreserveUVs: 0
  m_IgnoreNormalsForChartDetection: 0
  m_ImportantGI: 0
  m_StitchLightmapSeams: 1
  m_SelectedEditorRenderState: 3
  m_MinimumChartSize: 4
  m_AutoUVMaxDistance: 0.5
  m_AutoUVMaxAngle: 89
  m_LightmapParameters: {fileID: 0}
  m_SortingLayerID: 0
  m_SortingLayer: 0
  m_SortingOrder: 0
  m_AdditionalVertexStreams: {fileID: 0}
--- !u!33 &193313787
MeshFilter:
  m_ObjectHideFlags: 0
  m_CorrespondingSourceObject: {fileID: 0}
  m_PrefabInstance: {fileID: 0}
  m_PrefabAsset: {fileID: 0}
  m_GameObject: {fileID: 193313783}
  m_Mesh: {fileID: 10206, guid: 0000000000000000e000000000000000, type: 0}
--- !u!114 &207330020 stripped
MonoBehaviour:
  m_CorrespondingSourceObject: {fileID: 2052631502737525325, guid: 7a8005c16893243159b9af76f5c9a2d1, type: 3}
  m_PrefabInstance: {fileID: 3259596815343869713}
  m_PrefabAsset: {fileID: 0}
  m_GameObject: {fileID: 0}
  m_Enabled: 1
  m_EditorHideFlags: 0
  m_Script: {fileID: 11500000, guid: 9541d86e2fd84c1d9990edf0852d74ab, type: 3}
  m_Name: 
  m_EditorClassIdentifier: 
--- !u!114 &256323412 stripped
MonoBehaviour:
  m_CorrespondingSourceObject: {fileID: 6298492420946713867, guid: 7a8005c16893243159b9af76f5c9a2d1, type: 3}
  m_PrefabInstance: {fileID: 3259596815343869713}
  m_PrefabAsset: {fileID: 0}
  m_GameObject: {fileID: 0}
  m_Enabled: 1
  m_EditorHideFlags: 0
  m_Script: {fileID: 11500000, guid: 9541d86e2fd84c1d9990edf0852d74ab, type: 3}
  m_Name: 
  m_EditorClassIdentifier: 
--- !u!1 &258876783
GameObject:
  m_ObjectHideFlags: 0
  m_CorrespondingSourceObject: {fileID: 0}
  m_PrefabInstance: {fileID: 0}
  m_PrefabAsset: {fileID: 0}
  serializedVersion: 6
  m_Component:
  - component: {fileID: 258876785}
  - component: {fileID: 258876784}
  m_Layer: 0
  m_Name: UIManager
  m_TagString: Untagged
  m_Icon: {fileID: 0}
  m_NavMeshLayer: 0
  m_StaticEditorFlags: 0
  m_IsActive: 1
--- !u!114 &258876784
MonoBehaviour:
  m_ObjectHideFlags: 0
  m_CorrespondingSourceObject: {fileID: 0}
  m_PrefabInstance: {fileID: 0}
  m_PrefabAsset: {fileID: 0}
  m_GameObject: {fileID: 258876783}
  m_Enabled: 1
  m_EditorHideFlags: 0
  m_Script: {fileID: 11500000, guid: 4b0d67e6c6890428680e3bf5da9c8db2, type: 3}
  m_Name: 
  m_EditorClassIdentifier: 
--- !u!4 &258876785
Transform:
  m_ObjectHideFlags: 0
  m_CorrespondingSourceObject: {fileID: 0}
  m_PrefabInstance: {fileID: 0}
  m_PrefabAsset: {fileID: 0}
  m_GameObject: {fileID: 258876783}
  m_LocalRotation: {x: 0, y: 0, z: 0, w: 1}
  m_LocalPosition: {x: -0.060047984, y: 0.30542147, z: -0.419322}
  m_LocalScale: {x: 1, y: 1, z: 1}
  m_Children: []
  m_Father: {fileID: 0}
  m_RootOrder: 2
  m_LocalEulerAnglesHint: {x: 0, y: 0, z: 0}
--- !u!114 &282629984 stripped
MonoBehaviour:
  m_CorrespondingSourceObject: {fileID: 3330140641310000354, guid: 7a8005c16893243159b9af76f5c9a2d1, type: 3}
  m_PrefabInstance: {fileID: 3259596815343869713}
  m_PrefabAsset: {fileID: 0}
  m_GameObject: {fileID: 0}
  m_Enabled: 1
  m_EditorHideFlags: 0
  m_Script: {fileID: 11500000, guid: 9541d86e2fd84c1d9990edf0852d74ab, type: 3}
  m_Name: 
  m_EditorClassIdentifier: 
--- !u!1001 &305264331
PrefabInstance:
  m_ObjectHideFlags: 0
  serializedVersion: 2
  m_Modification:
    m_TransformParent: {fileID: 1218581330}
    m_Modifications:
    - target: {fileID: 6088235675321609555, guid: 7e3f4134441544b6ab13ecd8bb74752c, type: 3}
      propertyPath: m_LocalPosition.x
      value: 0
      objectReference: {fileID: 0}
    - target: {fileID: 6088235675321609555, guid: 7e3f4134441544b6ab13ecd8bb74752c, type: 3}
      propertyPath: m_LocalPosition.y
      value: 5.51
      objectReference: {fileID: 0}
    - target: {fileID: 6088235675321609555, guid: 7e3f4134441544b6ab13ecd8bb74752c, type: 3}
      propertyPath: m_LocalPosition.z
      value: 7.08
      objectReference: {fileID: 0}
    - target: {fileID: 6088235675321609555, guid: 7e3f4134441544b6ab13ecd8bb74752c, type: 3}
      propertyPath: m_LocalRotation.x
      value: 0
      objectReference: {fileID: 0}
    - target: {fileID: 6088235675321609555, guid: 7e3f4134441544b6ab13ecd8bb74752c, type: 3}
      propertyPath: m_LocalRotation.y
      value: 0
      objectReference: {fileID: 0}
    - target: {fileID: 6088235675321609555, guid: 7e3f4134441544b6ab13ecd8bb74752c, type: 3}
      propertyPath: m_LocalRotation.z
      value: 0
      objectReference: {fileID: 0}
    - target: {fileID: 6088235675321609555, guid: 7e3f4134441544b6ab13ecd8bb74752c, type: 3}
      propertyPath: m_LocalRotation.w
      value: 1
      objectReference: {fileID: 0}
    - target: {fileID: 6088235675321609555, guid: 7e3f4134441544b6ab13ecd8bb74752c, type: 3}
      propertyPath: m_RootOrder
      value: 1
      objectReference: {fileID: 0}
    - target: {fileID: 6088235675321609555, guid: 7e3f4134441544b6ab13ecd8bb74752c, type: 3}
      propertyPath: m_LocalEulerAnglesHint.x
      value: 0
      objectReference: {fileID: 0}
    - target: {fileID: 6088235675321609555, guid: 7e3f4134441544b6ab13ecd8bb74752c, type: 3}
      propertyPath: m_LocalEulerAnglesHint.y
      value: 0
      objectReference: {fileID: 0}
    - target: {fileID: 6088235675321609555, guid: 7e3f4134441544b6ab13ecd8bb74752c, type: 3}
      propertyPath: m_LocalEulerAnglesHint.z
      value: 0
      objectReference: {fileID: 0}
    - target: {fileID: 6875221935825161675, guid: 7e3f4134441544b6ab13ecd8bb74752c, type: 3}
      propertyPath: m_Name
      value: bigCylinder2
      objectReference: {fileID: 0}
    m_RemovedComponents: []
  m_SourcePrefab: {fileID: 100100000, guid: 7e3f4134441544b6ab13ecd8bb74752c, type: 3}
--- !u!4 &305264332 stripped
Transform:
  m_CorrespondingSourceObject: {fileID: 6088235675321609555, guid: 7e3f4134441544b6ab13ecd8bb74752c, type: 3}
  m_PrefabInstance: {fileID: 305264331}
  m_PrefabAsset: {fileID: 0}
--- !u!1001 &375537300
PrefabInstance:
  m_ObjectHideFlags: 0
  serializedVersion: 2
  m_Modification:
    m_TransformParent: {fileID: 1218581330}
    m_Modifications:
    - target: {fileID: 3007609676927382182, guid: cc2eb7abe7cf942f7bf073d0566029cb, type: 3}
      propertyPath: smallThrowableAccel
      value: 11
      objectReference: {fileID: 0}
    - target: {fileID: 3007609676927382182, guid: cc2eb7abe7cf942f7bf073d0566029cb, type: 3}
      propertyPath: bigThrowableAccel
      value: 8
      objectReference: {fileID: 0}
    - target: {fileID: 8399766169095705428, guid: cc2eb7abe7cf942f7bf073d0566029cb, type: 3}
      propertyPath: m_LocalPosition.x
      value: -6.62
      objectReference: {fileID: 0}
    - target: {fileID: 8399766169095705428, guid: cc2eb7abe7cf942f7bf073d0566029cb, type: 3}
      propertyPath: m_LocalPosition.y
      value: 3.96
      objectReference: {fileID: 0}
    - target: {fileID: 8399766169095705428, guid: cc2eb7abe7cf942f7bf073d0566029cb, type: 3}
      propertyPath: m_LocalPosition.z
      value: -5.05
      objectReference: {fileID: 0}
    - target: {fileID: 8399766169095705428, guid: cc2eb7abe7cf942f7bf073d0566029cb, type: 3}
      propertyPath: m_LocalRotation.x
      value: 0
      objectReference: {fileID: 0}
    - target: {fileID: 8399766169095705428, guid: cc2eb7abe7cf942f7bf073d0566029cb, type: 3}
      propertyPath: m_LocalRotation.y
      value: 0
      objectReference: {fileID: 0}
    - target: {fileID: 8399766169095705428, guid: cc2eb7abe7cf942f7bf073d0566029cb, type: 3}
      propertyPath: m_LocalRotation.z
      value: 0
      objectReference: {fileID: 0}
    - target: {fileID: 8399766169095705428, guid: cc2eb7abe7cf942f7bf073d0566029cb, type: 3}
      propertyPath: m_LocalRotation.w
      value: 1
      objectReference: {fileID: 0}
    - target: {fileID: 8399766169095705428, guid: cc2eb7abe7cf942f7bf073d0566029cb, type: 3}
      propertyPath: m_RootOrder
      value: 4
      objectReference: {fileID: 0}
    - target: {fileID: 8399766169095705428, guid: cc2eb7abe7cf942f7bf073d0566029cb, type: 3}
      propertyPath: m_LocalEulerAnglesHint.x
      value: 0
      objectReference: {fileID: 0}
    - target: {fileID: 8399766169095705428, guid: cc2eb7abe7cf942f7bf073d0566029cb, type: 3}
      propertyPath: m_LocalEulerAnglesHint.y
      value: 0
      objectReference: {fileID: 0}
    - target: {fileID: 8399766169095705428, guid: cc2eb7abe7cf942f7bf073d0566029cb, type: 3}
      propertyPath: m_LocalEulerAnglesHint.z
      value: 0
      objectReference: {fileID: 0}
    - target: {fileID: 9188897022201672652, guid: cc2eb7abe7cf942f7bf073d0566029cb, type: 3}
      propertyPath: m_Name
      value: smallCylinder2
      objectReference: {fileID: 0}
    m_RemovedComponents: []
  m_SourcePrefab: {fileID: 100100000, guid: cc2eb7abe7cf942f7bf073d0566029cb, type: 3}
--- !u!4 &375537301 stripped
Transform:
  m_CorrespondingSourceObject: {fileID: 8399766169095705428, guid: cc2eb7abe7cf942f7bf073d0566029cb, type: 3}
  m_PrefabInstance: {fileID: 375537300}
  m_PrefabAsset: {fileID: 0}
--- !u!1001 &430099241
PrefabInstance:
  m_ObjectHideFlags: 0
  serializedVersion: 2
  m_Modification:
    m_TransformParent: {fileID: 946903027}
    m_Modifications:
    - target: {fileID: 1620922654972176, guid: ddb963bcde7d8a04a88b3ee4709f46c7, type: 3}
      propertyPath: m_Name
      value: CanvasWithDebug
      objectReference: {fileID: 0}
    - target: {fileID: 224586678184848430, guid: ddb963bcde7d8a04a88b3ee4709f46c7, type: 3}
      propertyPath: m_LocalPosition.x
      value: 0
      objectReference: {fileID: 0}
    - target: {fileID: 224586678184848430, guid: ddb963bcde7d8a04a88b3ee4709f46c7, type: 3}
      propertyPath: m_LocalPosition.y
      value: 0
      objectReference: {fileID: 0}
    - target: {fileID: 224586678184848430, guid: ddb963bcde7d8a04a88b3ee4709f46c7, type: 3}
      propertyPath: m_LocalPosition.z
      value: 2.38
      objectReference: {fileID: 0}
    - target: {fileID: 224586678184848430, guid: ddb963bcde7d8a04a88b3ee4709f46c7, type: 3}
      propertyPath: m_LocalRotation.x
      value: 0.09480335
      objectReference: {fileID: 0}
    - target: {fileID: 224586678184848430, guid: ddb963bcde7d8a04a88b3ee4709f46c7, type: 3}
      propertyPath: m_LocalRotation.y
      value: -0
      objectReference: {fileID: 0}
    - target: {fileID: 224586678184848430, guid: ddb963bcde7d8a04a88b3ee4709f46c7, type: 3}
      propertyPath: m_LocalRotation.z
      value: -0
      objectReference: {fileID: 0}
    - target: {fileID: 224586678184848430, guid: ddb963bcde7d8a04a88b3ee4709f46c7, type: 3}
      propertyPath: m_LocalRotation.w
      value: 0.99549603
      objectReference: {fileID: 0}
    - target: {fileID: 224586678184848430, guid: ddb963bcde7d8a04a88b3ee4709f46c7, type: 3}
      propertyPath: m_RootOrder
      value: 2
      objectReference: {fileID: 0}
    - target: {fileID: 224586678184848430, guid: ddb963bcde7d8a04a88b3ee4709f46c7, type: 3}
      propertyPath: m_LocalEulerAnglesHint.x
      value: 10.88
      objectReference: {fileID: 0}
    - target: {fileID: 224586678184848430, guid: ddb963bcde7d8a04a88b3ee4709f46c7, type: 3}
      propertyPath: m_LocalEulerAnglesHint.y
      value: 0
      objectReference: {fileID: 0}
    - target: {fileID: 224586678184848430, guid: ddb963bcde7d8a04a88b3ee4709f46c7, type: 3}
      propertyPath: m_LocalEulerAnglesHint.z
      value: 0
      objectReference: {fileID: 0}
    - target: {fileID: 224586678184848430, guid: ddb963bcde7d8a04a88b3ee4709f46c7, type: 3}
      propertyPath: m_AnchoredPosition.x
      value: 0
      objectReference: {fileID: 0}
    - target: {fileID: 224586678184848430, guid: ddb963bcde7d8a04a88b3ee4709f46c7, type: 3}
      propertyPath: m_AnchoredPosition.y
      value: 0.007999927
      objectReference: {fileID: 0}
    - target: {fileID: 224586678184848430, guid: ddb963bcde7d8a04a88b3ee4709f46c7, type: 3}
      propertyPath: m_SizeDelta.x
      value: 1200
      objectReference: {fileID: 0}
    - target: {fileID: 224586678184848430, guid: ddb963bcde7d8a04a88b3ee4709f46c7, type: 3}
      propertyPath: m_SizeDelta.y
      value: 600
      objectReference: {fileID: 0}
    - target: {fileID: 224586678184848430, guid: ddb963bcde7d8a04a88b3ee4709f46c7, type: 3}
      propertyPath: m_AnchorMin.x
      value: 0
      objectReference: {fileID: 0}
    - target: {fileID: 224586678184848430, guid: ddb963bcde7d8a04a88b3ee4709f46c7, type: 3}
      propertyPath: m_AnchorMin.y
      value: 0
      objectReference: {fileID: 0}
    - target: {fileID: 224586678184848430, guid: ddb963bcde7d8a04a88b3ee4709f46c7, type: 3}
      propertyPath: m_AnchorMax.x
      value: 0
      objectReference: {fileID: 0}
    - target: {fileID: 224586678184848430, guid: ddb963bcde7d8a04a88b3ee4709f46c7, type: 3}
      propertyPath: m_AnchorMax.y
      value: 0
      objectReference: {fileID: 0}
    - target: {fileID: 224586678184848430, guid: ddb963bcde7d8a04a88b3ee4709f46c7, type: 3}
      propertyPath: m_Pivot.x
      value: 0.5
      objectReference: {fileID: 0}
    - target: {fileID: 224586678184848430, guid: ddb963bcde7d8a04a88b3ee4709f46c7, type: 3}
      propertyPath: m_Pivot.y
      value: 0.5
      objectReference: {fileID: 0}
    - target: {fileID: 224586678184848430, guid: ddb963bcde7d8a04a88b3ee4709f46c7, type: 3}
      propertyPath: m_LocalScale.y
      value: 0.0021000009
      objectReference: {fileID: 0}
    - target: {fileID: 224586678184848430, guid: ddb963bcde7d8a04a88b3ee4709f46c7, type: 3}
      propertyPath: m_LocalScale.z
      value: 0.0021000009
      objectReference: {fileID: 0}
    m_RemovedComponents: []
  m_SourcePrefab: {fileID: 100100000, guid: ddb963bcde7d8a04a88b3ee4709f46c7, type: 3}
--- !u!1001 &497745474
PrefabInstance:
  m_ObjectHideFlags: 0
  serializedVersion: 2
  m_Modification:
    m_TransformParent: {fileID: 1218581330}
    m_Modifications:
    - target: {fileID: 389808791279966294, guid: 7e3f4134441544b6ab13ecd8bb74752c, type: 3}
      propertyPath: smallThrowableAccel
      value: 12
      objectReference: {fileID: 0}
    - target: {fileID: 389808791279966294, guid: 7e3f4134441544b6ab13ecd8bb74752c, type: 3}
      propertyPath: bigThrowableAccel
      value: 6
      objectReference: {fileID: 0}
    - target: {fileID: 6088235675321609555, guid: 7e3f4134441544b6ab13ecd8bb74752c, type: 3}
      propertyPath: m_LocalPosition.x
      value: 7.13
      objectReference: {fileID: 0}
    - target: {fileID: 6088235675321609555, guid: 7e3f4134441544b6ab13ecd8bb74752c, type: 3}
      propertyPath: m_LocalPosition.y
      value: 0
      objectReference: {fileID: 0}
    - target: {fileID: 6088235675321609555, guid: 7e3f4134441544b6ab13ecd8bb74752c, type: 3}
      propertyPath: m_LocalPosition.z
      value: 0
      objectReference: {fileID: 0}
    - target: {fileID: 6088235675321609555, guid: 7e3f4134441544b6ab13ecd8bb74752c, type: 3}
      propertyPath: m_LocalRotation.x
      value: 0
      objectReference: {fileID: 0}
    - target: {fileID: 6088235675321609555, guid: 7e3f4134441544b6ab13ecd8bb74752c, type: 3}
      propertyPath: m_LocalRotation.y
      value: 0
      objectReference: {fileID: 0}
    - target: {fileID: 6088235675321609555, guid: 7e3f4134441544b6ab13ecd8bb74752c, type: 3}
      propertyPath: m_LocalRotation.z
      value: 0
      objectReference: {fileID: 0}
    - target: {fileID: 6088235675321609555, guid: 7e3f4134441544b6ab13ecd8bb74752c, type: 3}
      propertyPath: m_LocalRotation.w
      value: 1
      objectReference: {fileID: 0}
    - target: {fileID: 6088235675321609555, guid: 7e3f4134441544b6ab13ecd8bb74752c, type: 3}
      propertyPath: m_RootOrder
      value: 0
      objectReference: {fileID: 0}
    - target: {fileID: 6088235675321609555, guid: 7e3f4134441544b6ab13ecd8bb74752c, type: 3}
      propertyPath: m_LocalEulerAnglesHint.x
      value: 0
      objectReference: {fileID: 0}
    - target: {fileID: 6088235675321609555, guid: 7e3f4134441544b6ab13ecd8bb74752c, type: 3}
      propertyPath: m_LocalEulerAnglesHint.y
      value: 0
      objectReference: {fileID: 0}
    - target: {fileID: 6088235675321609555, guid: 7e3f4134441544b6ab13ecd8bb74752c, type: 3}
      propertyPath: m_LocalEulerAnglesHint.z
      value: 0
      objectReference: {fileID: 0}
    - target: {fileID: 6875221935825161675, guid: 7e3f4134441544b6ab13ecd8bb74752c, type: 3}
      propertyPath: m_Name
      value: bigCylinder1
      objectReference: {fileID: 0}
    m_RemovedComponents: []
  m_SourcePrefab: {fileID: 100100000, guid: 7e3f4134441544b6ab13ecd8bb74752c, type: 3}
--- !u!4 &497745475 stripped
Transform:
  m_CorrespondingSourceObject: {fileID: 6088235675321609555, guid: 7e3f4134441544b6ab13ecd8bb74752c, type: 3}
  m_PrefabInstance: {fileID: 497745474}
  m_PrefabAsset: {fileID: 0}
--- !u!1001 &509327175
PrefabInstance:
  m_ObjectHideFlags: 0
  serializedVersion: 2
  m_Modification:
    m_TransformParent: {fileID: 1218581330}
    m_Modifications:
    - target: {fileID: 3007609676927382182, guid: cc2eb7abe7cf942f7bf073d0566029cb, type: 3}
      propertyPath: smallThrowableAccel
      value: 12
      objectReference: {fileID: 0}
    - target: {fileID: 3007609676927382182, guid: cc2eb7abe7cf942f7bf073d0566029cb, type: 3}
      propertyPath: bigThrowableAccel
      value: 6
      objectReference: {fileID: 0}
    - target: {fileID: 8399766169095705428, guid: cc2eb7abe7cf942f7bf073d0566029cb, type: 3}
      propertyPath: m_LocalPosition.x
      value: 7.23
      objectReference: {fileID: 0}
    - target: {fileID: 8399766169095705428, guid: cc2eb7abe7cf942f7bf073d0566029cb, type: 3}
      propertyPath: m_LocalPosition.y
      value: -0.01
      objectReference: {fileID: 0}
    - target: {fileID: 8399766169095705428, guid: cc2eb7abe7cf942f7bf073d0566029cb, type: 3}
      propertyPath: m_LocalPosition.z
      value: 0.85
      objectReference: {fileID: 0}
    - target: {fileID: 8399766169095705428, guid: cc2eb7abe7cf942f7bf073d0566029cb, type: 3}
      propertyPath: m_LocalRotation.x
      value: 0
      objectReference: {fileID: 0}
    - target: {fileID: 8399766169095705428, guid: cc2eb7abe7cf942f7bf073d0566029cb, type: 3}
      propertyPath: m_LocalRotation.y
      value: 0
      objectReference: {fileID: 0}
    - target: {fileID: 8399766169095705428, guid: cc2eb7abe7cf942f7bf073d0566029cb, type: 3}
      propertyPath: m_LocalRotation.z
      value: 0
      objectReference: {fileID: 0}
    - target: {fileID: 8399766169095705428, guid: cc2eb7abe7cf942f7bf073d0566029cb, type: 3}
      propertyPath: m_LocalRotation.w
      value: 1
      objectReference: {fileID: 0}
    - target: {fileID: 8399766169095705428, guid: cc2eb7abe7cf942f7bf073d0566029cb, type: 3}
      propertyPath: m_RootOrder
      value: 5
      objectReference: {fileID: 0}
    - target: {fileID: 8399766169095705428, guid: cc2eb7abe7cf942f7bf073d0566029cb, type: 3}
      propertyPath: m_LocalEulerAnglesHint.x
      value: 0
      objectReference: {fileID: 0}
    - target: {fileID: 8399766169095705428, guid: cc2eb7abe7cf942f7bf073d0566029cb, type: 3}
      propertyPath: m_LocalEulerAnglesHint.y
      value: 0
      objectReference: {fileID: 0}
    - target: {fileID: 8399766169095705428, guid: cc2eb7abe7cf942f7bf073d0566029cb, type: 3}
      propertyPath: m_LocalEulerAnglesHint.z
      value: 0
      objectReference: {fileID: 0}
    - target: {fileID: 9188897022201672652, guid: cc2eb7abe7cf942f7bf073d0566029cb, type: 3}
      propertyPath: m_Name
      value: smallCylinder3
      objectReference: {fileID: 0}
    m_RemovedComponents: []
  m_SourcePrefab: {fileID: 100100000, guid: cc2eb7abe7cf942f7bf073d0566029cb, type: 3}
--- !u!4 &509327176 stripped
Transform:
  m_CorrespondingSourceObject: {fileID: 8399766169095705428, guid: cc2eb7abe7cf942f7bf073d0566029cb, type: 3}
  m_PrefabInstance: {fileID: 509327175}
  m_PrefabAsset: {fileID: 0}
--- !u!1001 &599882817
PrefabInstance:
  m_ObjectHideFlags: 0
  serializedVersion: 2
  m_Modification:
    m_TransformParent: {fileID: 1218581330}
    m_Modifications:
    - target: {fileID: 3007609676927382182, guid: cc2eb7abe7cf942f7bf073d0566029cb, type: 3}
      propertyPath: smallThrowableAccel
      value: 11
      objectReference: {fileID: 0}
    - target: {fileID: 3007609676927382182, guid: cc2eb7abe7cf942f7bf073d0566029cb, type: 3}
      propertyPath: bigThrowableAccel
      value: 8
      objectReference: {fileID: 0}
    - target: {fileID: 8399766169095705428, guid: cc2eb7abe7cf942f7bf073d0566029cb, type: 3}
      propertyPath: m_LocalPosition.x
      value: -6.62
      objectReference: {fileID: 0}
    - target: {fileID: 8399766169095705428, guid: cc2eb7abe7cf942f7bf073d0566029cb, type: 3}
      propertyPath: m_LocalPosition.y
      value: -1.93
      objectReference: {fileID: 0}
    - target: {fileID: 8399766169095705428, guid: cc2eb7abe7cf942f7bf073d0566029cb, type: 3}
      propertyPath: m_LocalPosition.z
      value: 3.52
      objectReference: {fileID: 0}
    - target: {fileID: 8399766169095705428, guid: cc2eb7abe7cf942f7bf073d0566029cb, type: 3}
      propertyPath: m_LocalRotation.x
      value: 0
      objectReference: {fileID: 0}
    - target: {fileID: 8399766169095705428, guid: cc2eb7abe7cf942f7bf073d0566029cb, type: 3}
      propertyPath: m_LocalRotation.y
      value: 0
      objectReference: {fileID: 0}
    - target: {fileID: 8399766169095705428, guid: cc2eb7abe7cf942f7bf073d0566029cb, type: 3}
      propertyPath: m_LocalRotation.z
      value: 0
      objectReference: {fileID: 0}
    - target: {fileID: 8399766169095705428, guid: cc2eb7abe7cf942f7bf073d0566029cb, type: 3}
      propertyPath: m_LocalRotation.w
      value: 1
      objectReference: {fileID: 0}
    - target: {fileID: 8399766169095705428, guid: cc2eb7abe7cf942f7bf073d0566029cb, type: 3}
      propertyPath: m_RootOrder
      value: 3
      objectReference: {fileID: 0}
    - target: {fileID: 8399766169095705428, guid: cc2eb7abe7cf942f7bf073d0566029cb, type: 3}
      propertyPath: m_LocalEulerAnglesHint.x
      value: 0
      objectReference: {fileID: 0}
    - target: {fileID: 8399766169095705428, guid: cc2eb7abe7cf942f7bf073d0566029cb, type: 3}
      propertyPath: m_LocalEulerAnglesHint.y
      value: 0
      objectReference: {fileID: 0}
    - target: {fileID: 8399766169095705428, guid: cc2eb7abe7cf942f7bf073d0566029cb, type: 3}
      propertyPath: m_LocalEulerAnglesHint.z
      value: 0
      objectReference: {fileID: 0}
    - target: {fileID: 9188897022201672652, guid: cc2eb7abe7cf942f7bf073d0566029cb, type: 3}
      propertyPath: m_Name
      value: smallCylinder1
      objectReference: {fileID: 0}
    m_RemovedComponents: []
  m_SourcePrefab: {fileID: 100100000, guid: cc2eb7abe7cf942f7bf073d0566029cb, type: 3}
--- !u!4 &599882818 stripped
Transform:
  m_CorrespondingSourceObject: {fileID: 8399766169095705428, guid: cc2eb7abe7cf942f7bf073d0566029cb, type: 3}
  m_PrefabInstance: {fileID: 599882817}
  m_PrefabAsset: {fileID: 0}
--- !u!114 &636503354 stripped
MonoBehaviour:
  m_CorrespondingSourceObject: {fileID: 3259596815927908907, guid: 7a8005c16893243159b9af76f5c9a2d1, type: 3}
  m_PrefabInstance: {fileID: 3259596815343869713}
  m_PrefabAsset: {fileID: 0}
  m_GameObject: {fileID: 0}
  m_Enabled: 1
  m_EditorHideFlags: 0
  m_Script: {fileID: 11500000, guid: 9541d86e2fd84c1d9990edf0852d74ab, type: 3}
  m_Name: 
  m_EditorClassIdentifier: 
--- !u!1 &697780747
GameObject:
  m_ObjectHideFlags: 0
  m_CorrespondingSourceObject: {fileID: 0}
  m_PrefabInstance: {fileID: 0}
  m_PrefabAsset: {fileID: 0}
  serializedVersion: 6
  m_Component:
  - component: {fileID: 697780748}
  - component: {fileID: 697780751}
  - component: {fileID: 697780750}
  - component: {fileID: 697780749}
  m_Layer: 0
  m_Name: StopAttraction
  m_TagString: StopAttraction
  m_Icon: {fileID: 0}
  m_NavMeshLayer: 0
  m_StaticEditorFlags: 0
  m_IsActive: 1
--- !u!4 &697780748
Transform:
  m_ObjectHideFlags: 0
  m_CorrespondingSourceObject: {fileID: 0}
  m_PrefabInstance: {fileID: 0}
  m_PrefabAsset: {fileID: 0}
  m_GameObject: {fileID: 697780747}
  m_LocalRotation: {x: -0, y: -0, z: -0, w: 1}
  m_LocalPosition: {x: 0, y: -1.5749998, z: 0}
  m_LocalScale: {x: 2.2, y: 1, z: 2.2}
  m_Children: []
  m_Father: {fileID: 1642662768}
  m_RootOrder: 3
  m_LocalEulerAnglesHint: {x: 0, y: 0, z: 0}
--- !u!64 &697780749
MeshCollider:
  m_ObjectHideFlags: 0
  m_CorrespondingSourceObject: {fileID: 0}
  m_PrefabInstance: {fileID: 0}
  m_PrefabAsset: {fileID: 0}
  m_GameObject: {fileID: 697780747}
  m_Material: {fileID: 0}
  m_IsTrigger: 1
  m_Enabled: 1
  serializedVersion: 4
  m_Convex: 1
  m_CookingOptions: 30
  m_Mesh: {fileID: 10207, guid: 0000000000000000e000000000000000, type: 0}
--- !u!23 &697780750
MeshRenderer:
  m_ObjectHideFlags: 0
  m_CorrespondingSourceObject: {fileID: 0}
  m_PrefabInstance: {fileID: 0}
  m_PrefabAsset: {fileID: 0}
  m_GameObject: {fileID: 697780747}
  m_Enabled: 0
  m_CastShadows: 1
  m_ReceiveShadows: 1
  m_DynamicOccludee: 1
  m_MotionVectors: 1
  m_LightProbeUsage: 1
  m_ReflectionProbeUsage: 1
  m_RayTracingMode: 2
  m_RayTraceProcedural: 0
  m_RenderingLayerMask: 1
  m_RendererPriority: 0
  m_Materials:
  - {fileID: 2100000, guid: d0dde4c7a4c684c0fbee711415dd3aa3, type: 2}
  m_StaticBatchInfo:
    firstSubMesh: 0
    subMeshCount: 0
  m_StaticBatchRoot: {fileID: 0}
  m_ProbeAnchor: {fileID: 0}
  m_LightProbeVolumeOverride: {fileID: 0}
  m_ScaleInLightmap: 1
  m_ReceiveGI: 1
  m_PreserveUVs: 0
  m_IgnoreNormalsForChartDetection: 0
  m_ImportantGI: 0
  m_StitchLightmapSeams: 1
  m_SelectedEditorRenderState: 3
  m_MinimumChartSize: 4
  m_AutoUVMaxDistance: 0.5
  m_AutoUVMaxAngle: 89
  m_LightmapParameters: {fileID: 0}
  m_SortingLayerID: 0
  m_SortingLayer: 0
  m_SortingOrder: 0
  m_AdditionalVertexStreams: {fileID: 0}
--- !u!33 &697780751
MeshFilter:
  m_ObjectHideFlags: 0
  m_CorrespondingSourceObject: {fileID: 0}
  m_PrefabInstance: {fileID: 0}
  m_PrefabAsset: {fileID: 0}
  m_GameObject: {fileID: 697780747}
  m_Mesh: {fileID: 10207, guid: 0000000000000000e000000000000000, type: 0}
--- !u!4 &946903027 stripped
Transform:
  m_CorrespondingSourceObject: {fileID: 3825935314984632821, guid: 6417a17b4442b4a178a01914ccc9e798, type: 3}
  m_PrefabInstance: {fileID: 3825935314312533510}
  m_PrefabAsset: {fileID: 0}
--- !u!1 &953319580
GameObject:
  m_ObjectHideFlags: 0
  m_CorrespondingSourceObject: {fileID: 0}
  m_PrefabInstance: {fileID: 0}
  m_PrefabAsset: {fileID: 0}
  serializedVersion: 6
  m_Component:
  - component: {fileID: 953319581}
  - component: {fileID: 953319582}
  m_Layer: 0
  m_Name: Point Light
  m_TagString: Untagged
  m_Icon: {fileID: 0}
  m_NavMeshLayer: 0
  m_StaticEditorFlags: 0
  m_IsActive: 1
--- !u!4 &953319581
Transform:
  m_ObjectHideFlags: 0
  m_CorrespondingSourceObject: {fileID: 0}
  m_PrefabInstance: {fileID: 0}
  m_PrefabAsset: {fileID: 0}
  m_GameObject: {fileID: 953319580}
  m_LocalRotation: {x: -0, y: -0, z: -0, w: 1}
  m_LocalPosition: {x: 0, y: 0.53999996, z: 0}
  m_LocalScale: {x: 1, y: 1, z: 1}
  m_Children: []
  m_Father: {fileID: 1642662768}
  m_RootOrder: 4
  m_LocalEulerAnglesHint: {x: 0, y: 0, z: 0}
--- !u!108 &953319582
Light:
  m_ObjectHideFlags: 0
  m_CorrespondingSourceObject: {fileID: 0}
  m_PrefabInstance: {fileID: 0}
  m_PrefabAsset: {fileID: 0}
  m_GameObject: {fileID: 953319580}
  m_Enabled: 1
  serializedVersion: 10
  m_Type: 2
  m_Shape: 0
  m_Color: {r: 1, g: 1, b: 1, a: 1}
  m_Intensity: 3
  m_Range: 12
  m_SpotAngle: 30
  m_InnerSpotAngle: 21.80208
  m_CookieSize: 10
  m_Shadows:
    m_Type: 0
    m_Resolution: -1
    m_CustomResolution: -1
    m_Strength: 1
    m_Bias: 0.05
    m_NormalBias: 0.4
    m_NearPlane: 0.2
    m_CullingMatrixOverride:
      e00: 1
      e01: 0
      e02: 0
      e03: 0
      e10: 0
      e11: 1
      e12: 0
      e13: 0
      e20: 0
      e21: 0
      e22: 1
      e23: 0
      e30: 0
      e31: 0
      e32: 0
      e33: 1
    m_UseCullingMatrixOverride: 0
  m_Cookie: {fileID: 0}
  m_DrawHalo: 0
  m_Flare: {fileID: 0}
  m_RenderMode: 0
  m_CullingMask:
    serializedVersion: 2
    m_Bits: 4294967295
  m_RenderingLayerMask: 1
  m_Lightmapping: 4
  m_LightShadowCasterMode: 0
  m_AreaSize: {x: 1, y: 1}
  m_BounceIntensity: 1
  m_ColorTemperature: 6570
  m_UseColorTemperature: 0
  m_BoundingSphereOverride: {x: 0, y: 0, z: 0, w: 0}
  m_UseBoundingSphereOverride: 0
  m_ShadowRadius: 0
  m_ShadowAngle: 0
--- !u!114 &983400507 stripped
MonoBehaviour:
  m_CorrespondingSourceObject: {fileID: 5572320492657117151, guid: 7a8005c16893243159b9af76f5c9a2d1, type: 3}
  m_PrefabInstance: {fileID: 3259596815343869713}
  m_PrefabAsset: {fileID: 0}
  m_GameObject: {fileID: 0}
  m_Enabled: 1
  m_EditorHideFlags: 0
  m_Script: {fileID: 11500000, guid: 9541d86e2fd84c1d9990edf0852d74ab, type: 3}
  m_Name: 
  m_EditorClassIdentifier: 
--- !u!114 &1094862073 stripped
MonoBehaviour:
  m_CorrespondingSourceObject: {fileID: 2059205506263097797, guid: 7a8005c16893243159b9af76f5c9a2d1, type: 3}
  m_PrefabInstance: {fileID: 3259596815343869713}
  m_PrefabAsset: {fileID: 0}
  m_GameObject: {fileID: 0}
  m_Enabled: 1
  m_EditorHideFlags: 0
  m_Script: {fileID: 11500000, guid: 9541d86e2fd84c1d9990edf0852d74ab, type: 3}
  m_Name: 
  m_EditorClassIdentifier: 
--- !u!1001 &1121259472
PrefabInstance:
  m_ObjectHideFlags: 0
  serializedVersion: 2
  m_Modification:
    m_TransformParent: {fileID: 1218581330}
    m_Modifications:
    - target: {fileID: 6088235675321609555, guid: 7e3f4134441544b6ab13ecd8bb74752c, type: 3}
      propertyPath: m_LocalPosition.x
      value: -2.54
      objectReference: {fileID: 0}
    - target: {fileID: 6088235675321609555, guid: 7e3f4134441544b6ab13ecd8bb74752c, type: 3}
      propertyPath: m_LocalPosition.y
      value: 8.21
      objectReference: {fileID: 0}
    - target: {fileID: 6088235675321609555, guid: 7e3f4134441544b6ab13ecd8bb74752c, type: 3}
      propertyPath: m_LocalPosition.z
      value: 0
      objectReference: {fileID: 0}
    - target: {fileID: 6088235675321609555, guid: 7e3f4134441544b6ab13ecd8bb74752c, type: 3}
      propertyPath: m_LocalRotation.x
      value: 0
      objectReference: {fileID: 0}
    - target: {fileID: 6088235675321609555, guid: 7e3f4134441544b6ab13ecd8bb74752c, type: 3}
      propertyPath: m_LocalRotation.y
      value: 0
      objectReference: {fileID: 0}
    - target: {fileID: 6088235675321609555, guid: 7e3f4134441544b6ab13ecd8bb74752c, type: 3}
      propertyPath: m_LocalRotation.z
      value: 0
      objectReference: {fileID: 0}
    - target: {fileID: 6088235675321609555, guid: 7e3f4134441544b6ab13ecd8bb74752c, type: 3}
      propertyPath: m_LocalRotation.w
      value: 1
      objectReference: {fileID: 0}
    - target: {fileID: 6088235675321609555, guid: 7e3f4134441544b6ab13ecd8bb74752c, type: 3}
      propertyPath: m_RootOrder
      value: 2
      objectReference: {fileID: 0}
    - target: {fileID: 6088235675321609555, guid: 7e3f4134441544b6ab13ecd8bb74752c, type: 3}
      propertyPath: m_LocalEulerAnglesHint.x
      value: 0
      objectReference: {fileID: 0}
    - target: {fileID: 6088235675321609555, guid: 7e3f4134441544b6ab13ecd8bb74752c, type: 3}
      propertyPath: m_LocalEulerAnglesHint.y
      value: 0
      objectReference: {fileID: 0}
    - target: {fileID: 6088235675321609555, guid: 7e3f4134441544b6ab13ecd8bb74752c, type: 3}
      propertyPath: m_LocalEulerAnglesHint.z
      value: 0
      objectReference: {fileID: 0}
    - target: {fileID: 6875221935825161675, guid: 7e3f4134441544b6ab13ecd8bb74752c, type: 3}
      propertyPath: m_Name
      value: bigCylinder3
      objectReference: {fileID: 0}
    m_RemovedComponents: []
  m_SourcePrefab: {fileID: 100100000, guid: 7e3f4134441544b6ab13ecd8bb74752c, type: 3}
--- !u!4 &1121259473 stripped
Transform:
  m_CorrespondingSourceObject: {fileID: 6088235675321609555, guid: 7e3f4134441544b6ab13ecd8bb74752c, type: 3}
  m_PrefabInstance: {fileID: 1121259472}
  m_PrefabAsset: {fileID: 0}
--- !u!114 &1175423555 stripped
MonoBehaviour:
  m_CorrespondingSourceObject: {fileID: 273674534718601669, guid: 7a8005c16893243159b9af76f5c9a2d1, type: 3}
  m_PrefabInstance: {fileID: 3259596815343869713}
  m_PrefabAsset: {fileID: 0}
  m_GameObject: {fileID: 0}
  m_Enabled: 1
  m_EditorHideFlags: 0
  m_Script: {fileID: 11500000, guid: 9541d86e2fd84c1d9990edf0852d74ab, type: 3}
  m_Name: 
  m_EditorClassIdentifier: 
--- !u!1 &1218581329
GameObject:
  m_ObjectHideFlags: 0
  m_CorrespondingSourceObject: {fileID: 0}
  m_PrefabInstance: {fileID: 0}
  m_PrefabAsset: {fileID: 0}
  serializedVersion: 6
  m_Component:
  - component: {fileID: 1218581330}
  m_Layer: 0
  m_Name: Throwables
  m_TagString: Untagged
  m_Icon: {fileID: 0}
  m_NavMeshLayer: 0
  m_StaticEditorFlags: 0
  m_IsActive: 1
--- !u!4 &1218581330
Transform:
  m_ObjectHideFlags: 0
  m_CorrespondingSourceObject: {fileID: 0}
  m_PrefabInstance: {fileID: 0}
  m_PrefabAsset: {fileID: 0}
  m_GameObject: {fileID: 1218581329}
  m_LocalRotation: {x: 0, y: 0, z: 0, w: 1}
  m_LocalPosition: {x: 0, y: 0, z: 0}
  m_LocalScale: {x: 1, y: 1, z: 1}
  m_Children:
  - {fileID: 497745475}
  - {fileID: 305264332}
  - {fileID: 1121259473}
  - {fileID: 599882818}
  - {fileID: 375537301}
  - {fileID: 509327176}
  m_Father: {fileID: 1642662768}
  m_RootOrder: 5
  m_LocalEulerAnglesHint: {x: 0, y: 0, z: 0}
--- !u!1001 &1386555324
PrefabInstance:
  m_ObjectHideFlags: 0
  serializedVersion: 2
  m_Modification:
    m_TransformParent: {fileID: 1642662768}
    m_Modifications:
    - target: {fileID: -8679921383154817045, guid: d795a773afd404cc38bf858fa5a35dcb, type: 3}
      propertyPath: m_LocalPosition.x
      value: 0
      objectReference: {fileID: 0}
    - target: {fileID: -8679921383154817045, guid: d795a773afd404cc38bf858fa5a35dcb, type: 3}
      propertyPath: m_LocalPosition.y
      value: 3.61
      objectReference: {fileID: 0}
    - target: {fileID: -8679921383154817045, guid: d795a773afd404cc38bf858fa5a35dcb, type: 3}
      propertyPath: m_LocalPosition.z
      value: 0
      objectReference: {fileID: 0}
    - target: {fileID: -8679921383154817045, guid: d795a773afd404cc38bf858fa5a35dcb, type: 3}
      propertyPath: m_LocalRotation.x
      value: -0.7071068
      objectReference: {fileID: 0}
    - target: {fileID: -8679921383154817045, guid: d795a773afd404cc38bf858fa5a35dcb, type: 3}
      propertyPath: m_LocalRotation.y
      value: -0
      objectReference: {fileID: 0}
    - target: {fileID: -8679921383154817045, guid: d795a773afd404cc38bf858fa5a35dcb, type: 3}
      propertyPath: m_LocalRotation.z
      value: -0
      objectReference: {fileID: 0}
    - target: {fileID: -8679921383154817045, guid: d795a773afd404cc38bf858fa5a35dcb, type: 3}
      propertyPath: m_LocalRotation.w
      value: 0.7071067
      objectReference: {fileID: 0}
    - target: {fileID: -8679921383154817045, guid: d795a773afd404cc38bf858fa5a35dcb, type: 3}
      propertyPath: m_RootOrder
      value: 0
      objectReference: {fileID: 0}
    - target: {fileID: -8679921383154817045, guid: d795a773afd404cc38bf858fa5a35dcb, type: 3}
      propertyPath: m_LocalEulerAnglesHint.x
      value: 0
      objectReference: {fileID: 0}
    - target: {fileID: -8679921383154817045, guid: d795a773afd404cc38bf858fa5a35dcb, type: 3}
      propertyPath: m_LocalEulerAnglesHint.y
      value: 0
      objectReference: {fileID: 0}
    - target: {fileID: -8679921383154817045, guid: d795a773afd404cc38bf858fa5a35dcb, type: 3}
      propertyPath: m_LocalEulerAnglesHint.z
      value: 0
      objectReference: {fileID: 0}
    - target: {fileID: -8679921383154817045, guid: d795a773afd404cc38bf858fa5a35dcb, type: 3}
      propertyPath: m_LocalScale.x
      value: 10
      objectReference: {fileID: 0}
    - target: {fileID: -8679921383154817045, guid: d795a773afd404cc38bf858fa5a35dcb, type: 3}
      propertyPath: m_LocalScale.y
      value: 10
      objectReference: {fileID: 0}
    - target: {fileID: -8679921383154817045, guid: d795a773afd404cc38bf858fa5a35dcb, type: 3}
      propertyPath: m_LocalScale.z
      value: 10
      objectReference: {fileID: 0}
    - target: {fileID: -7511558181221131132, guid: d795a773afd404cc38bf858fa5a35dcb, type: 3}
      propertyPath: m_Materials.Array.data[0]
      value: 
      objectReference: {fileID: 2100000, guid: 48334d01878bb45759d657c33f5d2779, type: 2}
    - target: {fileID: 919132149155446097, guid: d795a773afd404cc38bf858fa5a35dcb, type: 3}
      propertyPath: m_Name
      value: hollow-cylinder
      objectReference: {fileID: 0}
    - target: {fileID: 919132149155446097, guid: d795a773afd404cc38bf858fa5a35dcb, type: 3}
      propertyPath: m_TagString
      value: StartSticky
      objectReference: {fileID: 0}
    m_RemovedComponents: []
  m_SourcePrefab: {fileID: 100100000, guid: d795a773afd404cc38bf858fa5a35dcb, type: 3}
--- !u!4 &1386555325 stripped
Transform:
  m_CorrespondingSourceObject: {fileID: -8679921383154817045, guid: d795a773afd404cc38bf858fa5a35dcb, type: 3}
  m_PrefabInstance: {fileID: 1386555324}
  m_PrefabAsset: {fileID: 0}
--- !u!1 &1386555326 stripped
GameObject:
  m_CorrespondingSourceObject: {fileID: 919132149155446097, guid: d795a773afd404cc38bf858fa5a35dcb, type: 3}
  m_PrefabInstance: {fileID: 1386555324}
  m_PrefabAsset: {fileID: 0}
--- !u!64 &1386555327
MeshCollider:
  m_ObjectHideFlags: 0
  m_CorrespondingSourceObject: {fileID: 0}
  m_PrefabInstance: {fileID: 0}
  m_PrefabAsset: {fileID: 0}
  m_GameObject: {fileID: 1386555326}
  m_Material: {fileID: 0}
  m_IsTrigger: 0
  m_Enabled: 1
  serializedVersion: 4
  m_Convex: 0
  m_CookingOptions: 30
  m_Mesh: {fileID: -7387706064836869012, guid: d795a773afd404cc38bf858fa5a35dcb, type: 3}
--- !u!114 &1386555328
MonoBehaviour:
  m_ObjectHideFlags: 0
  m_CorrespondingSourceObject: {fileID: 0}
  m_PrefabInstance: {fileID: 0}
  m_PrefabAsset: {fileID: 0}
  m_GameObject: {fileID: 1386555326}
  m_Enabled: 1
  m_EditorHideFlags: 0
  m_Script: {fileID: 11500000, guid: f39f077137016406889bcfa69e1df18a, type: 3}
  m_Name: 
  m_EditorClassIdentifier: 
  smallBallMarker: {fileID: 3103226768186808217, guid: 90fe6f4985fb04e17b3679b4a8fba725, type: 3}
  bigBallMarker: {fileID: 3103226768186808217, guid: 29a09501067d84846b5dc797bc6451be, type: 3}
  smallCubeMarker: {fileID: 8261094497551926839, guid: 13fc1d41b180b4629ba1e11eca7cee9e, type: 3}
  bigCubeMarker: {fileID: 8090647789113637924, guid: 8f7ba18147ff94f4c916f52abf282237, type: 3}
  smallCylinderMarker: {fileID: 8261094497551926839, guid: 634f64c734d974e08aa02a866f7c3c11, type: 3}
  bigCylinderMarker: {fileID: 8261094497551926839, guid: 48bffedd9d0d24184bcc2441409242ab, type: 3}
  smallPyramidMarker: {fileID: 5415973671899118518, guid: a84b7a0dfa9c8439d88ea007e047c4ea, type: 3}
  bigPyramidMarker: {fileID: 5415973671899118518, guid: 0b9a9e6d8a758456fbc61a577790a752, type: 3}
  canInstantiate: 1
--- !u!1 &1642662767
GameObject:
  m_ObjectHideFlags: 0
  m_CorrespondingSourceObject: {fileID: 0}
  m_PrefabInstance: {fileID: 0}
  m_PrefabAsset: {fileID: 0}
  serializedVersion: 6
  m_Component:
  - component: {fileID: 1642662768}
  m_Layer: 0
  m_Name: Environment
  m_TagString: Untagged
  m_Icon: {fileID: 0}
  m_NavMeshLayer: 0
  m_StaticEditorFlags: 0
  m_IsActive: 1
--- !u!4 &1642662768
Transform:
  m_ObjectHideFlags: 0
  m_CorrespondingSourceObject: {fileID: 0}
  m_PrefabInstance: {fileID: 0}
  m_PrefabAsset: {fileID: 0}
  m_GameObject: {fileID: 1642662767}
  m_LocalRotation: {x: 0, y: 0, z: 0, w: 1}
  m_LocalPosition: {x: 0, y: 2.39, z: 0}
  m_LocalScale: {x: 1, y: 1, z: 1}
  m_Children:
  - {fileID: 1386555325}
  - {fileID: 6343759601388314279}
  - {fileID: 193313784}
  - {fileID: 697780748}
  - {fileID: 953319581}
  - {fileID: 1218581330}
  - {fileID: 2142301276}
  - {fileID: 3259596815343869714}
  - {fileID: 1790883149}
  m_Father: {fileID: 0}
  m_RootOrder: 4
  m_LocalEulerAnglesHint: {x: 0, y: 0, z: 0}
--- !u!114 &1665130301 stripped
MonoBehaviour:
  m_CorrespondingSourceObject: {fileID: 3559543517619384295, guid: 7a8005c16893243159b9af76f5c9a2d1, type: 3}
  m_PrefabInstance: {fileID: 3259596815343869713}
  m_PrefabAsset: {fileID: 0}
  m_GameObject: {fileID: 0}
  m_Enabled: 1
  m_EditorHideFlags: 0
  m_Script: {fileID: 11500000, guid: 9541d86e2fd84c1d9990edf0852d74ab, type: 3}
  m_Name: 
  m_EditorClassIdentifier: 
--- !u!114 &1706817031 stripped
MonoBehaviour:
  m_CorrespondingSourceObject: {fileID: 7236596707972294879, guid: 7a8005c16893243159b9af76f5c9a2d1, type: 3}
  m_PrefabInstance: {fileID: 3259596815343869713}
  m_PrefabAsset: {fileID: 0}
  m_GameObject: {fileID: 0}
  m_Enabled: 1
  m_EditorHideFlags: 0
  m_Script: {fileID: 11500000, guid: 9541d86e2fd84c1d9990edf0852d74ab, type: 3}
  m_Name: 
  m_EditorClassIdentifier: 
--- !u!1001 &1790883148
PrefabInstance:
  m_ObjectHideFlags: 0
  serializedVersion: 2
  m_Modification:
    m_TransformParent: {fileID: 1642662768}
    m_Modifications:
    - target: {fileID: 256315657575685624, guid: 7a8005c16893243159b9af76f5c9a2d1, type: 3}
      propertyPath: m_IsActive
      value: 0
      objectReference: {fileID: 0}
    - target: {fileID: 465980010245013950, guid: 7a8005c16893243159b9af76f5c9a2d1, type: 3}
      propertyPath: m_AnchoredPosition.y
      value: -0.13852742
      objectReference: {fileID: 0}
    - target: {fileID: 934372683058554451, guid: 7a8005c16893243159b9af76f5c9a2d1, type: 3}
      propertyPath: m_LocalPosition.x
      value: -16.7
      objectReference: {fileID: 0}
    - target: {fileID: 934372683058554451, guid: 7a8005c16893243159b9af76f5c9a2d1, type: 3}
      propertyPath: m_LocalPosition.y
      value: 5.68
      objectReference: {fileID: 0}
    - target: {fileID: 934372683058554451, guid: 7a8005c16893243159b9af76f5c9a2d1, type: 3}
      propertyPath: m_LocalPosition.z
      value: -45.6
      objectReference: {fileID: 0}
    - target: {fileID: 934372683058554451, guid: 7a8005c16893243159b9af76f5c9a2d1, type: 3}
      propertyPath: m_LocalRotation.x
      value: 0
      objectReference: {fileID: 0}
    - target: {fileID: 934372683058554451, guid: 7a8005c16893243159b9af76f5c9a2d1, type: 3}
      propertyPath: m_LocalRotation.y
      value: 0.94480616
      objectReference: {fileID: 0}
    - target: {fileID: 934372683058554451, guid: 7a8005c16893243159b9af76f5c9a2d1, type: 3}
      propertyPath: m_LocalRotation.z
      value: -0
      objectReference: {fileID: 0}
    - target: {fileID: 934372683058554451, guid: 7a8005c16893243159b9af76f5c9a2d1, type: 3}
      propertyPath: m_LocalRotation.w
      value: -0.32762995
      objectReference: {fileID: 0}
    - target: {fileID: 934372683058554451, guid: 7a8005c16893243159b9af76f5c9a2d1, type: 3}
      propertyPath: m_RootOrder
      value: 8
      objectReference: {fileID: 0}
    - target: {fileID: 934372683058554451, guid: 7a8005c16893243159b9af76f5c9a2d1, type: 3}
      propertyPath: m_LocalEulerAnglesHint.x
      value: 0
      objectReference: {fileID: 0}
    - target: {fileID: 934372683058554451, guid: 7a8005c16893243159b9af76f5c9a2d1, type: 3}
      propertyPath: m_LocalEulerAnglesHint.y
      value: 218.25
      objectReference: {fileID: 0}
    - target: {fileID: 934372683058554451, guid: 7a8005c16893243159b9af76f5c9a2d1, type: 3}
      propertyPath: m_LocalEulerAnglesHint.z
      value: 0
      objectReference: {fileID: 0}
    - target: {fileID: 1013338182796274321, guid: 7a8005c16893243159b9af76f5c9a2d1, type: 3}
      propertyPath: m_IsActive
      value: 1
      objectReference: {fileID: 0}
    - target: {fileID: 1640471086893892058, guid: 7a8005c16893243159b9af76f5c9a2d1, type: 3}
      propertyPath: m_IsActive
      value: 0
      objectReference: {fileID: 0}
    - target: {fileID: 1793752802429567737, guid: 7a8005c16893243159b9af76f5c9a2d1, type: 3}
      propertyPath: m_AnchoredPosition.y
      value: -0.54852885
      objectReference: {fileID: 0}
    - target: {fileID: 2995421600968705145, guid: 7a8005c16893243159b9af76f5c9a2d1, type: 3}
      propertyPath: m_IsActive
      value: 0
      objectReference: {fileID: 0}
    - target: {fileID: 3259596815053062148, guid: 7a8005c16893243159b9af76f5c9a2d1, type: 3}
      propertyPath: m_Materials.Array.data[0]
      value: 
      objectReference: {fileID: 2100000, guid: ceb4346cdbfb543518198d0c808d6e78, type: 2}
    - target: {fileID: 3591951141107851545, guid: 7a8005c16893243159b9af76f5c9a2d1, type: 3}
      propertyPath: m_IsActive
      value: 0
      objectReference: {fileID: 0}
    - target: {fileID: 3878650679592288024, guid: 7a8005c16893243159b9af76f5c9a2d1, type: 3}
      propertyPath: m_IsActive
      value: 0
      objectReference: {fileID: 0}
    - target: {fileID: 4101497654487071383, guid: 7a8005c16893243159b9af76f5c9a2d1, type: 3}
      propertyPath: m_IsActive
      value: 1
      objectReference: {fileID: 0}
    - target: {fileID: 4337059655614694960, guid: 7a8005c16893243159b9af76f5c9a2d1, type: 3}
      propertyPath: m_AnchoredPosition.y
      value: -0.3545279
      objectReference: {fileID: 0}
    - target: {fileID: 4422474308183528050, guid: 7a8005c16893243159b9af76f5c9a2d1, type: 3}
      propertyPath: m_IsActive
      value: 0
      objectReference: {fileID: 0}
    - target: {fileID: 4705338180317666662, guid: 7a8005c16893243159b9af76f5c9a2d1, type: 3}
      propertyPath: m_IsActive
      value: 0
      objectReference: {fileID: 0}
    - target: {fileID: 5310094785370137050, guid: 7a8005c16893243159b9af76f5c9a2d1, type: 3}
      propertyPath: m_IsActive
      value: 0
      objectReference: {fileID: 0}
    - target: {fileID: 5402646230958384354, guid: 7a8005c16893243159b9af76f5c9a2d1, type: 3}
      propertyPath: m_IsActive
      value: 0
      objectReference: {fileID: 0}
    - target: {fileID: 5575789163386411817, guid: 7a8005c16893243159b9af76f5c9a2d1, type: 3}
      propertyPath: m_AnchoredPosition.y
      value: -0.542
      objectReference: {fileID: 0}
    - target: {fileID: 5646044042322563918, guid: 7a8005c16893243159b9af76f5c9a2d1, type: 3}
      propertyPath: m_IsActive
      value: 1
      objectReference: {fileID: 0}
    - target: {fileID: 5742577931791582116, guid: 7a8005c16893243159b9af76f5c9a2d1, type: 3}
      propertyPath: m_IsActive
      value: 0
      objectReference: {fileID: 0}
    - target: {fileID: 7190019282809867260, guid: 7a8005c16893243159b9af76f5c9a2d1, type: 3}
      propertyPath: m_IsActive
      value: 0
      objectReference: {fileID: 0}
    - target: {fileID: 7433734483821140423, guid: 7a8005c16893243159b9af76f5c9a2d1, type: 3}
      propertyPath: m_IsActive
      value: 1
      objectReference: {fileID: 0}
    - target: {fileID: 7524620751921243987, guid: 7a8005c16893243159b9af76f5c9a2d1, type: 3}
      propertyPath: m_AnchoredPosition.y
      value: -0.348
      objectReference: {fileID: 0}
    - target: {fileID: 7694684138387306147, guid: 7a8005c16893243159b9af76f5c9a2d1, type: 3}
      propertyPath: m_AnchoredPosition.y
      value: -0.132
      objectReference: {fileID: 0}
    - target: {fileID: 8073899986654787309, guid: 7a8005c16893243159b9af76f5c9a2d1, type: 3}
      propertyPath: m_IsActive
      value: 0
      objectReference: {fileID: 0}
    - target: {fileID: 8740053214156514844, guid: 7a8005c16893243159b9af76f5c9a2d1, type: 3}
      propertyPath: m_Materials.Array.data[0]
      value: 
      objectReference: {fileID: 2100000, guid: ceb4346cdbfb543518198d0c808d6e78, type: 2}
    - target: {fileID: 9194132760388157256, guid: 7a8005c16893243159b9af76f5c9a2d1, type: 3}
      propertyPath: m_Name
      value: Scoreboard Cylindar2
      objectReference: {fileID: 0}
    m_RemovedComponents: []
  m_SourcePrefab: {fileID: 100100000, guid: 7a8005c16893243159b9af76f5c9a2d1, type: 3}
--- !u!4 &1790883149 stripped
Transform:
  m_CorrespondingSourceObject: {fileID: 934372683058554451, guid: 7a8005c16893243159b9af76f5c9a2d1, type: 3}
  m_PrefabInstance: {fileID: 1790883148}
  m_PrefabAsset: {fileID: 0}
--- !u!114 &1790883150 stripped
MonoBehaviour:
  m_CorrespondingSourceObject: {fileID: 3559543517619384295, guid: 7a8005c16893243159b9af76f5c9a2d1, type: 3}
  m_PrefabInstance: {fileID: 1790883148}
  m_PrefabAsset: {fileID: 0}
  m_GameObject: {fileID: 0}
  m_Enabled: 1
  m_EditorHideFlags: 0
  m_Script: {fileID: 11500000, guid: 9541d86e2fd84c1d9990edf0852d74ab, type: 3}
  m_Name: 
  m_EditorClassIdentifier: 
--- !u!114 &1790883151 stripped
MonoBehaviour:
  m_CorrespondingSourceObject: {fileID: 3330140641310000354, guid: 7a8005c16893243159b9af76f5c9a2d1, type: 3}
  m_PrefabInstance: {fileID: 1790883148}
  m_PrefabAsset: {fileID: 0}
  m_GameObject: {fileID: 0}
  m_Enabled: 1
  m_EditorHideFlags: 0
  m_Script: {fileID: 11500000, guid: 9541d86e2fd84c1d9990edf0852d74ab, type: 3}
  m_Name: 
  m_EditorClassIdentifier: 
--- !u!114 &1790883152 stripped
MonoBehaviour:
  m_CorrespondingSourceObject: {fileID: 273674534718601669, guid: 7a8005c16893243159b9af76f5c9a2d1, type: 3}
  m_PrefabInstance: {fileID: 1790883148}
  m_PrefabAsset: {fileID: 0}
  m_GameObject: {fileID: 0}
  m_Enabled: 1
  m_EditorHideFlags: 0
  m_Script: {fileID: 11500000, guid: 9541d86e2fd84c1d9990edf0852d74ab, type: 3}
  m_Name: 
  m_EditorClassIdentifier: 
--- !u!114 &1790883153 stripped
MonoBehaviour:
  m_CorrespondingSourceObject: {fileID: 7564601062061511537, guid: 7a8005c16893243159b9af76f5c9a2d1, type: 3}
  m_PrefabInstance: {fileID: 1790883148}
  m_PrefabAsset: {fileID: 0}
  m_GameObject: {fileID: 0}
  m_Enabled: 1
  m_EditorHideFlags: 0
  m_Script: {fileID: 11500000, guid: 9541d86e2fd84c1d9990edf0852d74ab, type: 3}
  m_Name: 
  m_EditorClassIdentifier: 
--- !u!114 &1790883154 stripped
MonoBehaviour:
  m_CorrespondingSourceObject: {fileID: 2059205506263097797, guid: 7a8005c16893243159b9af76f5c9a2d1, type: 3}
  m_PrefabInstance: {fileID: 1790883148}
  m_PrefabAsset: {fileID: 0}
  m_GameObject: {fileID: 0}
  m_Enabled: 1
  m_EditorHideFlags: 0
  m_Script: {fileID: 11500000, guid: 9541d86e2fd84c1d9990edf0852d74ab, type: 3}
  m_Name: 
  m_EditorClassIdentifier: 
--- !u!114 &1790883155 stripped
MonoBehaviour:
  m_CorrespondingSourceObject: {fileID: 2052631502737525325, guid: 7a8005c16893243159b9af76f5c9a2d1, type: 3}
  m_PrefabInstance: {fileID: 1790883148}
  m_PrefabAsset: {fileID: 0}
  m_GameObject: {fileID: 0}
  m_Enabled: 1
  m_EditorHideFlags: 0
  m_Script: {fileID: 11500000, guid: 9541d86e2fd84c1d9990edf0852d74ab, type: 3}
  m_Name: 
  m_EditorClassIdentifier: 
--- !u!114 &1790883156 stripped
MonoBehaviour:
  m_CorrespondingSourceObject: {fileID: 7236596707972294879, guid: 7a8005c16893243159b9af76f5c9a2d1, type: 3}
  m_PrefabInstance: {fileID: 1790883148}
  m_PrefabAsset: {fileID: 0}
  m_GameObject: {fileID: 0}
  m_Enabled: 1
  m_EditorHideFlags: 0
  m_Script: {fileID: 11500000, guid: 9541d86e2fd84c1d9990edf0852d74ab, type: 3}
  m_Name: 
  m_EditorClassIdentifier: 
--- !u!114 &1790883157 stripped
MonoBehaviour:
  m_CorrespondingSourceObject: {fileID: 6298492420946713867, guid: 7a8005c16893243159b9af76f5c9a2d1, type: 3}
  m_PrefabInstance: {fileID: 1790883148}
  m_PrefabAsset: {fileID: 0}
  m_GameObject: {fileID: 0}
  m_Enabled: 1
  m_EditorHideFlags: 0
  m_Script: {fileID: 11500000, guid: 9541d86e2fd84c1d9990edf0852d74ab, type: 3}
  m_Name: 
  m_EditorClassIdentifier: 
--- !u!114 &1790883158 stripped
MonoBehaviour:
  m_CorrespondingSourceObject: {fileID: 5572320492657117151, guid: 7a8005c16893243159b9af76f5c9a2d1, type: 3}
  m_PrefabInstance: {fileID: 1790883148}
  m_PrefabAsset: {fileID: 0}
  m_GameObject: {fileID: 0}
  m_Enabled: 1
  m_EditorHideFlags: 0
  m_Script: {fileID: 11500000, guid: 9541d86e2fd84c1d9990edf0852d74ab, type: 3}
  m_Name: 
  m_EditorClassIdentifier: 
--- !u!114 &1790883159 stripped
MonoBehaviour:
  m_CorrespondingSourceObject: {fileID: 3259596816862397324, guid: 7a8005c16893243159b9af76f5c9a2d1, type: 3}
  m_PrefabInstance: {fileID: 1790883148}
  m_PrefabAsset: {fileID: 0}
  m_GameObject: {fileID: 0}
  m_Enabled: 1
  m_EditorHideFlags: 0
  m_Script: {fileID: 11500000, guid: 9541d86e2fd84c1d9990edf0852d74ab, type: 3}
  m_Name: 
  m_EditorClassIdentifier: 
--- !u!114 &1790883160 stripped
MonoBehaviour:
  m_CorrespondingSourceObject: {fileID: 3259596815927908907, guid: 7a8005c16893243159b9af76f5c9a2d1, type: 3}
  m_PrefabInstance: {fileID: 1790883148}
  m_PrefabAsset: {fileID: 0}
  m_GameObject: {fileID: 0}
  m_Enabled: 1
  m_EditorHideFlags: 0
  m_Script: {fileID: 11500000, guid: 9541d86e2fd84c1d9990edf0852d74ab, type: 3}
  m_Name: 
  m_EditorClassIdentifier: 
--- !u!1 &1790883161 stripped
GameObject:
  m_CorrespondingSourceObject: {fileID: 9194132760388157256, guid: 7a8005c16893243159b9af76f5c9a2d1, type: 3}
  m_PrefabInstance: {fileID: 1790883148}
  m_PrefabAsset: {fileID: 0}
--- !u!114 &1790883162
MonoBehaviour:
  m_ObjectHideFlags: 0
  m_CorrespondingSourceObject: {fileID: 0}
  m_PrefabInstance: {fileID: 0}
  m_PrefabAsset: {fileID: 0}
  m_GameObject: {fileID: 1790883161}
  m_Enabled: 0
  m_EditorHideFlags: 0
  m_Script: {fileID: 11500000, guid: 047a06fea2c4d434488d1513bcdaf84d, type: 3}
  m_Name: 
  m_EditorClassIdentifier: 
  txtStickyScore: {fileID: 1790883160}
  txtBallsLost: {fileID: 1790883150}
  txtRealTime: {fileID: 1790883159}
  txtbigBallScore: {fileID: 1790883158}
  txtbigCubeScore: {fileID: 1790883157}
  txtbigCylinderScore: {fileID: 1790883156}
  txtbigPyramidScore: {fileID: 1790883155}
  txtsmallBallScore: {fileID: 1790883154}
  txtsmallCubeScore: {fileID: 1790883153}
  txtsmallCylinderScore: {fileID: 1790883152}
  txtsmallPyramidScore: {fileID: 1790883151}
--- !u!1001 &1912129857
PrefabInstance:
  m_ObjectHideFlags: 0
  serializedVersion: 2
  m_Modification:
    m_TransformParent: {fileID: 1642662768}
    m_Modifications:
    - target: {fileID: 123684, guid: 977d462d3da090443aa549827d636355, type: 3}
      propertyPath: m_Name
      value: Mirror
      objectReference: {fileID: 0}
    - target: {fileID: 123684, guid: 977d462d3da090443aa549827d636355, type: 3}
      propertyPath: m_TagString
      value: Untagged
      objectReference: {fileID: 0}
    - target: {fileID: 126434, guid: 977d462d3da090443aa549827d636355, type: 3}
      propertyPath: m_TagString
      value: StartSticky
      objectReference: {fileID: 0}
    - target: {fileID: 126772, guid: 977d462d3da090443aa549827d636355, type: 3}
      propertyPath: m_TagString
      value: StartSticky
      objectReference: {fileID: 0}
    - target: {fileID: 423996, guid: 977d462d3da090443aa549827d636355, type: 3}
      propertyPath: m_LocalPosition.x
      value: -14.82
      objectReference: {fileID: 0}
    - target: {fileID: 423996, guid: 977d462d3da090443aa549827d636355, type: 3}
      propertyPath: m_LocalPosition.y
      value: -0.19
      objectReference: {fileID: 0}
    - target: {fileID: 423996, guid: 977d462d3da090443aa549827d636355, type: 3}
      propertyPath: m_LocalPosition.z
      value: 14.89
      objectReference: {fileID: 0}
    - target: {fileID: 423996, guid: 977d462d3da090443aa549827d636355, type: 3}
      propertyPath: m_LocalRotation.x
      value: 0
      objectReference: {fileID: 0}
    - target: {fileID: 423996, guid: 977d462d3da090443aa549827d636355, type: 3}
      propertyPath: m_LocalRotation.y
      value: -0.38268343
      objectReference: {fileID: 0}
    - target: {fileID: 423996, guid: 977d462d3da090443aa549827d636355, type: 3}
      propertyPath: m_LocalRotation.z
      value: 0
      objectReference: {fileID: 0}
    - target: {fileID: 423996, guid: 977d462d3da090443aa549827d636355, type: 3}
      propertyPath: m_LocalRotation.w
      value: 0.92387956
      objectReference: {fileID: 0}
    - target: {fileID: 423996, guid: 977d462d3da090443aa549827d636355, type: 3}
      propertyPath: m_RootOrder
      value: 6
      objectReference: {fileID: 0}
    - target: {fileID: 423996, guid: 977d462d3da090443aa549827d636355, type: 3}
      propertyPath: m_LocalEulerAnglesHint.x
      value: 0
      objectReference: {fileID: 0}
    - target: {fileID: 423996, guid: 977d462d3da090443aa549827d636355, type: 3}
      propertyPath: m_LocalEulerAnglesHint.y
      value: -45
      objectReference: {fileID: 0}
    - target: {fileID: 423996, guid: 977d462d3da090443aa549827d636355, type: 3}
      propertyPath: m_LocalEulerAnglesHint.z
      value: 0
      objectReference: {fileID: 0}
    - target: {fileID: 423996, guid: 977d462d3da090443aa549827d636355, type: 3}
      propertyPath: m_LocalScale.x
      value: 10
      objectReference: {fileID: 0}
    - target: {fileID: 423996, guid: 977d462d3da090443aa549827d636355, type: 3}
      propertyPath: m_LocalScale.y
      value: 10
      objectReference: {fileID: 0}
    - target: {fileID: 423996, guid: 977d462d3da090443aa549827d636355, type: 3}
      propertyPath: m_LocalScale.z
      value: 10
      objectReference: {fileID: 0}
    m_RemovedComponents: []
  m_SourcePrefab: {fileID: 100100000, guid: 977d462d3da090443aa549827d636355, type: 3}
--- !u!114 &2002382115 stripped
MonoBehaviour:
  m_CorrespondingSourceObject: {fileID: 7564601062061511537, guid: 7a8005c16893243159b9af76f5c9a2d1, type: 3}
  m_PrefabInstance: {fileID: 3259596815343869713}
  m_PrefabAsset: {fileID: 0}
  m_GameObject: {fileID: 0}
  m_Enabled: 1
  m_EditorHideFlags: 0
  m_Script: {fileID: 11500000, guid: 9541d86e2fd84c1d9990edf0852d74ab, type: 3}
  m_Name: 
  m_EditorClassIdentifier: 
--- !u!114 &2105744541 stripped
MonoBehaviour:
  m_CorrespondingSourceObject: {fileID: 3259596816862397324, guid: 7a8005c16893243159b9af76f5c9a2d1, type: 3}
  m_PrefabInstance: {fileID: 3259596815343869713}
  m_PrefabAsset: {fileID: 0}
  m_GameObject: {fileID: 0}
  m_Enabled: 1
  m_EditorHideFlags: 0
  m_Script: {fileID: 11500000, guid: 9541d86e2fd84c1d9990edf0852d74ab, type: 3}
  m_Name: 
  m_EditorClassIdentifier: 
--- !u!4 &2142301276 stripped
Transform:
  m_CorrespondingSourceObject: {fileID: 423996, guid: 977d462d3da090443aa549827d636355, type: 3}
  m_PrefabInstance: {fileID: 1912129857}
  m_PrefabAsset: {fileID: 0}
--- !u!1001 &3259596815343869713
PrefabInstance:
  m_ObjectHideFlags: 0
  serializedVersion: 2
  m_Modification:
    m_TransformParent: {fileID: 1642662768}
    m_Modifications:
    - target: {fileID: 256315657575685624, guid: 7a8005c16893243159b9af76f5c9a2d1, type: 3}
      propertyPath: m_IsActive
      value: 0
      objectReference: {fileID: 0}
    - target: {fileID: 465980010245013950, guid: 7a8005c16893243159b9af76f5c9a2d1, type: 3}
      propertyPath: m_AnchoredPosition.y
      value: -0.13852742
      objectReference: {fileID: 0}
    - target: {fileID: 934372683058554451, guid: 7a8005c16893243159b9af76f5c9a2d1, type: 3}
      propertyPath: m_LocalPosition.x
      value: 14.4
      objectReference: {fileID: 0}
    - target: {fileID: 934372683058554451, guid: 7a8005c16893243159b9af76f5c9a2d1, type: 3}
      propertyPath: m_LocalPosition.y
      value: 5.68
      objectReference: {fileID: 0}
    - target: {fileID: 934372683058554451, guid: 7a8005c16893243159b9af76f5c9a2d1, type: 3}
      propertyPath: m_LocalPosition.z
      value: 53.6
      objectReference: {fileID: 0}
    - target: {fileID: 934372683058554451, guid: 7a8005c16893243159b9af76f5c9a2d1, type: 3}
      propertyPath: m_LocalRotation.x
      value: 0
      objectReference: {fileID: 0}
    - target: {fileID: 934372683058554451, guid: 7a8005c16893243159b9af76f5c9a2d1, type: 3}
      propertyPath: m_LocalRotation.y
      value: 0.20705797
      objectReference: {fileID: 0}
    - target: {fileID: 934372683058554451, guid: 7a8005c16893243159b9af76f5c9a2d1, type: 3}
      propertyPath: m_LocalRotation.z
      value: 0
      objectReference: {fileID: 0}
    - target: {fileID: 934372683058554451, guid: 7a8005c16893243159b9af76f5c9a2d1, type: 3}
      propertyPath: m_LocalRotation.w
      value: 0.97832876
      objectReference: {fileID: 0}
    - target: {fileID: 934372683058554451, guid: 7a8005c16893243159b9af76f5c9a2d1, type: 3}
      propertyPath: m_RootOrder
      value: 7
      objectReference: {fileID: 0}
    - target: {fileID: 934372683058554451, guid: 7a8005c16893243159b9af76f5c9a2d1, type: 3}
      propertyPath: m_LocalEulerAnglesHint.x
      value: 0
      objectReference: {fileID: 0}
    - target: {fileID: 934372683058554451, guid: 7a8005c16893243159b9af76f5c9a2d1, type: 3}
      propertyPath: m_LocalEulerAnglesHint.y
      value: 23.9
      objectReference: {fileID: 0}
    - target: {fileID: 934372683058554451, guid: 7a8005c16893243159b9af76f5c9a2d1, type: 3}
      propertyPath: m_LocalEulerAnglesHint.z
      value: 0
      objectReference: {fileID: 0}
    - target: {fileID: 1013338182796274321, guid: 7a8005c16893243159b9af76f5c9a2d1, type: 3}
      propertyPath: m_IsActive
      value: 1
      objectReference: {fileID: 0}
    - target: {fileID: 1640471086893892058, guid: 7a8005c16893243159b9af76f5c9a2d1, type: 3}
      propertyPath: m_IsActive
      value: 0
      objectReference: {fileID: 0}
    - target: {fileID: 1793752802429567737, guid: 7a8005c16893243159b9af76f5c9a2d1, type: 3}
      propertyPath: m_AnchoredPosition.y
      value: -0.54852885
      objectReference: {fileID: 0}
    - target: {fileID: 2995421600968705145, guid: 7a8005c16893243159b9af76f5c9a2d1, type: 3}
      propertyPath: m_IsActive
      value: 0
      objectReference: {fileID: 0}
    - target: {fileID: 3259596815053062148, guid: 7a8005c16893243159b9af76f5c9a2d1, type: 3}
      propertyPath: m_Materials.Array.data[0]
      value: 
      objectReference: {fileID: 2100000, guid: ceb4346cdbfb543518198d0c808d6e78, type: 2}
    - target: {fileID: 3591951141107851545, guid: 7a8005c16893243159b9af76f5c9a2d1, type: 3}
      propertyPath: m_IsActive
      value: 0
      objectReference: {fileID: 0}
    - target: {fileID: 3878650679592288024, guid: 7a8005c16893243159b9af76f5c9a2d1, type: 3}
      propertyPath: m_IsActive
      value: 0
      objectReference: {fileID: 0}
    - target: {fileID: 4101497654487071383, guid: 7a8005c16893243159b9af76f5c9a2d1, type: 3}
      propertyPath: m_IsActive
      value: 1
      objectReference: {fileID: 0}
    - target: {fileID: 4337059655614694960, guid: 7a8005c16893243159b9af76f5c9a2d1, type: 3}
      propertyPath: m_AnchoredPosition.y
      value: -0.3545279
      objectReference: {fileID: 0}
    - target: {fileID: 4422474308183528050, guid: 7a8005c16893243159b9af76f5c9a2d1, type: 3}
      propertyPath: m_IsActive
      value: 0
      objectReference: {fileID: 0}
    - target: {fileID: 4705338180317666662, guid: 7a8005c16893243159b9af76f5c9a2d1, type: 3}
      propertyPath: m_IsActive
      value: 0
      objectReference: {fileID: 0}
    - target: {fileID: 5310094785370137050, guid: 7a8005c16893243159b9af76f5c9a2d1, type: 3}
      propertyPath: m_IsActive
      value: 0
      objectReference: {fileID: 0}
    - target: {fileID: 5402646230958384354, guid: 7a8005c16893243159b9af76f5c9a2d1, type: 3}
      propertyPath: m_IsActive
      value: 0
      objectReference: {fileID: 0}
    - target: {fileID: 5575789163386411817, guid: 7a8005c16893243159b9af76f5c9a2d1, type: 3}
      propertyPath: m_AnchoredPosition.y
      value: -0.542
      objectReference: {fileID: 0}
    - target: {fileID: 5646044042322563918, guid: 7a8005c16893243159b9af76f5c9a2d1, type: 3}
      propertyPath: m_IsActive
      value: 1
      objectReference: {fileID: 0}
    - target: {fileID: 5742577931791582116, guid: 7a8005c16893243159b9af76f5c9a2d1, type: 3}
      propertyPath: m_IsActive
      value: 0
      objectReference: {fileID: 0}
    - target: {fileID: 7190019282809867260, guid: 7a8005c16893243159b9af76f5c9a2d1, type: 3}
      propertyPath: m_IsActive
      value: 0
      objectReference: {fileID: 0}
    - target: {fileID: 7433734483821140423, guid: 7a8005c16893243159b9af76f5c9a2d1, type: 3}
      propertyPath: m_IsActive
      value: 1
      objectReference: {fileID: 0}
    - target: {fileID: 7524620751921243987, guid: 7a8005c16893243159b9af76f5c9a2d1, type: 3}
      propertyPath: m_AnchoredPosition.y
      value: -0.348
      objectReference: {fileID: 0}
    - target: {fileID: 7694684138387306147, guid: 7a8005c16893243159b9af76f5c9a2d1, type: 3}
      propertyPath: m_AnchoredPosition.y
      value: -0.132
      objectReference: {fileID: 0}
    - target: {fileID: 8073899986654787309, guid: 7a8005c16893243159b9af76f5c9a2d1, type: 3}
      propertyPath: m_IsActive
      value: 0
      objectReference: {fileID: 0}
    - target: {fileID: 8740053214156514844, guid: 7a8005c16893243159b9af76f5c9a2d1, type: 3}
      propertyPath: m_Materials.Array.data[0]
      value: 
      objectReference: {fileID: 2100000, guid: ceb4346cdbfb543518198d0c808d6e78, type: 2}
    - target: {fileID: 9194132760388157256, guid: 7a8005c16893243159b9af76f5c9a2d1, type: 3}
      propertyPath: m_Name
      value: Scoreboard Cylindar
      objectReference: {fileID: 0}
    m_RemovedComponents: []
  m_SourcePrefab: {fileID: 100100000, guid: 7a8005c16893243159b9af76f5c9a2d1, type: 3}
--- !u!4 &3259596815343869714 stripped
Transform:
  m_CorrespondingSourceObject: {fileID: 934372683058554451, guid: 7a8005c16893243159b9af76f5c9a2d1, type: 3}
  m_PrefabInstance: {fileID: 3259596815343869713}
  m_PrefabAsset: {fileID: 0}
--- !u!1 &3259596815343869715 stripped
GameObject:
  m_CorrespondingSourceObject: {fileID: 9194132760388157256, guid: 7a8005c16893243159b9af76f5c9a2d1, type: 3}
  m_PrefabInstance: {fileID: 3259596815343869713}
  m_PrefabAsset: {fileID: 0}
--- !u!114 &3259596815343869716
MonoBehaviour:
  m_ObjectHideFlags: 0
  m_CorrespondingSourceObject: {fileID: 0}
  m_PrefabInstance: {fileID: 0}
  m_PrefabAsset: {fileID: 0}
  m_GameObject: {fileID: 3259596815343869715}
  m_Enabled: 1
  m_EditorHideFlags: 0
  m_Script: {fileID: 11500000, guid: 047a06fea2c4d434488d1513bcdaf84d, type: 3}
  m_Name: 
  m_EditorClassIdentifier: 
  txtStickyScore: {fileID: 636503354}
  txtBallsLost: {fileID: 1665130301}
  txtRealTime: {fileID: 2105744541}
  txtbigBallScore: {fileID: 983400507}
  txtbigCubeScore: {fileID: 256323412}
  txtbigCylinderScore: {fileID: 1706817031}
  txtbigPyramidScore: {fileID: 207330020}
  txtsmallBallScore: {fileID: 1094862073}
  txtsmallCubeScore: {fileID: 2002382115}
  txtsmallCylinderScore: {fileID: 1175423555}
  txtsmallPyramidScore: {fileID: 282629984}
--- !u!1001 &3825935314312533510
PrefabInstance:
  m_ObjectHideFlags: 0
  serializedVersion: 2
  m_Modification:
    m_TransformParent: {fileID: 0}
    m_Modifications:
    - target: {fileID: 3825935314984632818, guid: 6417a17b4442b4a178a01914ccc9e798, type: 3}
      propertyPath: fallSpeed
      value: 0.0001
      objectReference: {fileID: 0}
    - target: {fileID: 3825935314984632821, guid: 6417a17b4442b4a178a01914ccc9e798, type: 3}
      propertyPath: m_LocalRotation.x
      value: 0
      objectReference: {fileID: 0}
    - target: {fileID: 3825935314984632821, guid: 6417a17b4442b4a178a01914ccc9e798, type: 3}
      propertyPath: m_LocalRotation.y
      value: 0
      objectReference: {fileID: 0}
    - target: {fileID: 3825935314984632821, guid: 6417a17b4442b4a178a01914ccc9e798, type: 3}
      propertyPath: m_LocalRotation.z
      value: 0
      objectReference: {fileID: 0}
    - target: {fileID: 3825935314984632821, guid: 6417a17b4442b4a178a01914ccc9e798, type: 3}
      propertyPath: m_LocalPosition.y
      value: 0
      objectReference: {fileID: 0}
    - target: {fileID: 3825935314984632821, guid: 6417a17b4442b4a178a01914ccc9e798, type: 3}
      propertyPath: m_LocalRotation.w
      value: 1
      objectReference: {fileID: 0}
    - target: {fileID: 3825935314984632821, guid: 6417a17b4442b4a178a01914ccc9e798, type: 3}
      propertyPath: m_LocalEulerAnglesHint.y
      value: 16.05
      objectReference: {fileID: 0}
    - target: {fileID: 5682360741478473363, guid: 6417a17b4442b4a178a01914ccc9e798, type: 3}
      propertyPath: m_LocalPosition.x
      value: 0
      objectReference: {fileID: 0}
    - target: {fileID: 5682360741478473363, guid: 6417a17b4442b4a178a01914ccc9e798, type: 3}
      propertyPath: m_LocalPosition.y
      value: 0.17
      objectReference: {fileID: 0}
    - target: {fileID: 5682360741478473363, guid: 6417a17b4442b4a178a01914ccc9e798, type: 3}
      propertyPath: m_LocalPosition.z
      value: 0
      objectReference: {fileID: 0}
    - target: {fileID: 5682360741478473363, guid: 6417a17b4442b4a178a01914ccc9e798, type: 3}
      propertyPath: m_LocalRotation.x
      value: 0
      objectReference: {fileID: 0}
    - target: {fileID: 5682360741478473363, guid: 6417a17b4442b4a178a01914ccc9e798, type: 3}
      propertyPath: m_LocalRotation.y
      value: 0
      objectReference: {fileID: 0}
    - target: {fileID: 5682360741478473363, guid: 6417a17b4442b4a178a01914ccc9e798, type: 3}
      propertyPath: m_LocalRotation.z
      value: 0
      objectReference: {fileID: 0}
    - target: {fileID: 5682360741478473363, guid: 6417a17b4442b4a178a01914ccc9e798, type: 3}
      propertyPath: m_LocalRotation.w
      value: 1
      objectReference: {fileID: 0}
    - target: {fileID: 5682360741478473363, guid: 6417a17b4442b4a178a01914ccc9e798, type: 3}
      propertyPath: m_RootOrder
      value: 5
      objectReference: {fileID: 0}
    - target: {fileID: 5682360741478473363, guid: 6417a17b4442b4a178a01914ccc9e798, type: 3}
      propertyPath: m_LocalEulerAnglesHint.x
      value: 0
      objectReference: {fileID: 0}
    - target: {fileID: 5682360741478473363, guid: 6417a17b4442b4a178a01914ccc9e798, type: 3}
      propertyPath: m_LocalEulerAnglesHint.y
      value: 0
      objectReference: {fileID: 0}
    - target: {fileID: 5682360741478473363, guid: 6417a17b4442b4a178a01914ccc9e798, type: 3}
      propertyPath: m_LocalEulerAnglesHint.z
      value: 0
      objectReference: {fileID: 0}
    - target: {fileID: 5682360741478473367, guid: 6417a17b4442b4a178a01914ccc9e798, type: 3}
      propertyPath: m_LocalPosition.y
      value: 0
      objectReference: {fileID: 0}
    - target: {fileID: 5682360741478473373, guid: 6417a17b4442b4a178a01914ccc9e798, type: 3}
      propertyPath: m_LocalPosition.y
      value: 0
      objectReference: {fileID: 0}
    - target: {fileID: 5682360741478564541, guid: 6417a17b4442b4a178a01914ccc9e798, type: 3}
      propertyPath: m_Name
      value: OVRPlayerController-Mod
      objectReference: {fileID: 0}
    - target: {fileID: 5682360741482411893, guid: 6417a17b4442b4a178a01914ccc9e798, type: 3}
      propertyPath: m_Enabled
      value: 0
      objectReference: {fileID: 0}
    m_RemovedComponents: []
  m_SourcePrefab: {fileID: 100100000, guid: 6417a17b4442b4a178a01914ccc9e798, type: 3}
--- !u!1001 &6343759601388314278
PrefabInstance:
  m_ObjectHideFlags: 0
  serializedVersion: 2
  m_Modification:
    m_TransformParent: {fileID: 1642662768}
    m_Modifications:
    - target: {fileID: 2593083333625172432, guid: e427deadb20de4f2b8678d6dbb0de6c9, type: 3}
      propertyPath: m_Name
      value: Platform-cylinder
      objectReference: {fileID: 0}
    - target: {fileID: 3107308174417756287, guid: e427deadb20de4f2b8678d6dbb0de6c9, type: 3}
      propertyPath: m_LocalPosition.x
      value: 0
      objectReference: {fileID: 0}
    - target: {fileID: 3107308174417756287, guid: e427deadb20de4f2b8678d6dbb0de6c9, type: 3}
      propertyPath: m_LocalPosition.y
      value: -4.32
      objectReference: {fileID: 0}
    - target: {fileID: 3107308174417756287, guid: e427deadb20de4f2b8678d6dbb0de6c9, type: 3}
      propertyPath: m_LocalPosition.z
      value: 0
      objectReference: {fileID: 0}
    - target: {fileID: 3107308174417756287, guid: e427deadb20de4f2b8678d6dbb0de6c9, type: 3}
      propertyPath: m_LocalRotation.x
      value: 0
      objectReference: {fileID: 0}
    - target: {fileID: 3107308174417756287, guid: e427deadb20de4f2b8678d6dbb0de6c9, type: 3}
      propertyPath: m_LocalRotation.y
      value: 0
      objectReference: {fileID: 0}
    - target: {fileID: 3107308174417756287, guid: e427deadb20de4f2b8678d6dbb0de6c9, type: 3}
      propertyPath: m_LocalRotation.z
      value: 0
      objectReference: {fileID: 0}
    - target: {fileID: 3107308174417756287, guid: e427deadb20de4f2b8678d6dbb0de6c9, type: 3}
      propertyPath: m_LocalRotation.w
      value: 1
      objectReference: {fileID: 0}
    - target: {fileID: 3107308174417756287, guid: e427deadb20de4f2b8678d6dbb0de6c9, type: 3}
      propertyPath: m_RootOrder
      value: 1
      objectReference: {fileID: 0}
    - target: {fileID: 3107308174417756287, guid: e427deadb20de4f2b8678d6dbb0de6c9, type: 3}
      propertyPath: m_LocalEulerAnglesHint.x
      value: 0
      objectReference: {fileID: 0}
    - target: {fileID: 3107308174417756287, guid: e427deadb20de4f2b8678d6dbb0de6c9, type: 3}
      propertyPath: m_LocalEulerAnglesHint.y
      value: 0
      objectReference: {fileID: 0}
    - target: {fileID: 3107308174417756287, guid: e427deadb20de4f2b8678d6dbb0de6c9, type: 3}
      propertyPath: m_LocalEulerAnglesHint.z
      value: 0
      objectReference: {fileID: 0}
    m_RemovedComponents: []
  m_SourcePrefab: {fileID: 100100000, guid: e427deadb20de4f2b8678d6dbb0de6c9, type: 3}
--- !u!4 &6343759601388314279 stripped
Transform:
  m_CorrespondingSourceObject: {fileID: 3107308174417756287, guid: e427deadb20de4f2b8678d6dbb0de6c9, type: 3}
  m_PrefabInstance: {fileID: 6343759601388314278}
  m_PrefabAsset: {fileID: 0}
--- !u!1001 &9047211959745637437
PrefabInstance:
  m_ObjectHideFlags: 0
  serializedVersion: 2
  m_Modification:
    m_TransformParent: {fileID: 0}
    m_Modifications:
    - target: {fileID: 9047211958822565116, guid: 96a88e34746104464b273507e75e9817, type: 3}
      propertyPath: m_Name
      value: StickyGameManager
      objectReference: {fileID: 0}
    - target: {fileID: 9047211958822565118, guid: 96a88e34746104464b273507e75e9817, type: 3}
      propertyPath: m_LocalPosition.x
      value: 1.4391325
      objectReference: {fileID: 0}
    - target: {fileID: 9047211958822565118, guid: 96a88e34746104464b273507e75e9817, type: 3}
      propertyPath: m_LocalPosition.y
      value: 2.6154845
      objectReference: {fileID: 0}
    - target: {fileID: 9047211958822565118, guid: 96a88e34746104464b273507e75e9817, type: 3}
      propertyPath: m_LocalPosition.z
      value: -0.4591074
      objectReference: {fileID: 0}
    - target: {fileID: 9047211958822565118, guid: 96a88e34746104464b273507e75e9817, type: 3}
      propertyPath: m_LocalRotation.x
      value: 0
      objectReference: {fileID: 0}
    - target: {fileID: 9047211958822565118, guid: 96a88e34746104464b273507e75e9817, type: 3}
      propertyPath: m_LocalRotation.y
      value: 0
      objectReference: {fileID: 0}
    - target: {fileID: 9047211958822565118, guid: 96a88e34746104464b273507e75e9817, type: 3}
      propertyPath: m_LocalRotation.z
      value: 0
      objectReference: {fileID: 0}
    - target: {fileID: 9047211958822565118, guid: 96a88e34746104464b273507e75e9817, type: 3}
      propertyPath: m_LocalRotation.w
      value: 1
      objectReference: {fileID: 0}
    - target: {fileID: 9047211958822565118, guid: 96a88e34746104464b273507e75e9817, type: 3}
      propertyPath: m_RootOrder
      value: 3
      objectReference: {fileID: 0}
    - target: {fileID: 9047211958822565118, guid: 96a88e34746104464b273507e75e9817, type: 3}
      propertyPath: m_LocalEulerAnglesHint.x
      value: 0
      objectReference: {fileID: 0}
    - target: {fileID: 9047211958822565118, guid: 96a88e34746104464b273507e75e9817, type: 3}
      propertyPath: m_LocalEulerAnglesHint.y
      value: 0
      objectReference: {fileID: 0}
    - target: {fileID: 9047211958822565118, guid: 96a88e34746104464b273507e75e9817, type: 3}
      propertyPath: m_LocalEulerAnglesHint.z
      value: 0
      objectReference: {fileID: 0}
    - target: {fileID: 9047211958822565119, guid: 96a88e34746104464b273507e75e9817, type: 3}
      propertyPath: winningScore
      value: 40
      objectReference: {fileID: 0}
    - target: {fileID: 9047211958822565119, guid: 96a88e34746104464b273507e75e9817, type: 3}
      propertyPath: lostBallPenalty
      value: 10
      objectReference: {fileID: 0}
    m_RemovedComponents: []
  m_SourcePrefab: {fileID: 100100000, guid: 96a88e34746104464b273507e75e9817, type: 3}
